2588 4792
370 872 884 1017 *‚Praefatio

63 1306 123 1442 In
142 1364 237 1434 nursi
260 1364 331 1434 hac
353 1363 429 1435 divi
457 1367 626 1436 Caroli
648 1393 675 1436 a
701 1361 861 1437 Linna'
879 1364 1105 1459 Syrtemotzi
1135 1362 1251 1457 Vege·

60 1471 233 1542 labilium
263 1469 428 1539 editione
461 1470 555 1565 quid
581 1473 897 1565 praestaverimus
934 1470 986 1564 (si
1021 1468 1116 1565 quid
1141 1493 1249 1563 prae-

53 1577 262 1652 stavimus)
289 1586 461 1642 nostrum
484 1588 637 1645 nonest
663 1576 814 1664 dicere,
842 1576 908 1646 sed
931 1574 1096 1645 aliorum
1119 1573 1250 1644 videre
1273 1631 1276 1638 .

63 1694 176 1775 atque
200 1679 246 1746 de
268 1702 381 1770 opere
407 1678 536 1748 nostro
560 1679 748 1778 judicium
770 1679 882 1751 serre.

139 1857 145 1866 p
172 1785 314 1860 Novam
337 1785 560 1875 Systematzi
588 1787 854 1876 Vegetabilaizm
880 1778 1088 1883 editionem
1107 1780 1251 1853 deside·

61 1886 156 1973 rari,
181 1912 266 1956 cum
281 1884 359 1982 jam
377 1889 422 1956 alt
440 1889 575 1961 ultima
585 1890 689 1977 XV.,
719 1915 831 1985 quam
850 1890 914 1960 cls.
937 1888 1147 1968 Per-soon
1163 1911 1253 1955 con-

64 1991 251 2079 cinnavit,
277 1992 395 2062 lustra
418 1991 495 2062 sere
523 2005 686 2087 quatuor
710 1995 784 2064 sint
809 1994 953 2086 elapsa,
982 2017 1113 2061 omnes
1133 1990 1251 2063 laten·

64 2108 148 2182 tur,
184 2095 383 2188 cum'ipsa
410 2096 483 2185 viri
514 2097 559 2165 de
589 2096 772 2167 Botanica
804 2096 1040 2165 meritissimi
1067 2094 1252 2186 Synopsis

63 2212 160 2285 vota,
190 2210 231 2267 ut
256 2225 350 2292 opus
373 2201 483 2285 nobis
500 2195 704 2294 contingat,
733 2202 837 2296 quod
853 2199 982 2269 omnia
999 2198 1249 2291 comprehen-

62 2305 189 2390 deret,
218 2304 430 2387 excitaverit
451 2305 599 2398 potius,
628 2330 741 2399 quam
760 2304 808 2373 iis
831 2303 1069 2393 satisfecerit3
1110 2300 1251 2372 frustra

63 2409 168 2477 enim
187 2431 256 2514 per
275 2408 430 2477 decem
418 2436 495 2505 Jam
513 2409 591 2479 lere
609 2435 726 2478 annos
745 2422 781 2479 et
793 2409 1103 2502 supplementum
1124 2416 1161 2476 et
1176 2404 1250 2475 cla·

62 2513 142 2582 sim
159 2504 209 2579 ad
223 2511 463 2581 utilissimam
486 2515 626 2583 hancce
641 2516 835 2605 Synopsin
851 2525 1120 2605 exspectamus.
1171 2507 1251 2578 To·

58 2617 134 2687 mis
155 2614 354 2710 prioribus
379 2617 555 2707 editionis
588 2618 745 2686 ultimae
771 2620 981 2710 Speciemm
1018 2616 1250 2705 lethrom
1288 2668 1292 2677 .

60 2722 270 2789 LGnaea
294 2720 339 2789 ab
378 2721 707 2792 Willdenowto
744 2723 955 2792 elaboratae
986 2745 1069 2788 rem
1102 2713 1252 2817 botani-

61 2851 143 2893 cam
166 2850 257 2919 non
271 2822 375 2892 omni
395 2824 508 2895 luisse
524 2851 685 2899 numero
712 2825 943 2914 absolutam,
972 2825 1144 2894 dolemus
1168 2846 1250 2892 om-

63 2954 127 2997 nes
146 2952 266 3022 aeque
283 2954 325 2997 ac
346 2928 450 2998 illius
470 2942 506 2999 et
521 2922 747 2999 immortalis
775 2934 817 2999 V
816 2931 900 2999 alal
907 2932 944 2997 ii
959 2939 1249 3023 praematurum

62 3027 273 3125 ploramus
267 3033 443 3103 obitum.
525 3036 732 3121 Pozreti3
761 3034 832 3102 viri
858 3058 1029 3103 summae
1053 3031 1249 3127 experien-

58 3136 146 3224 tiae,
176 3135 500 3207 continuationem
527 3150 580 3209 et
589 3137 898 3232 supplementum
925 3137 1255 3259 Encyclopaediae
1288 3138 1290 3143 ’

57 3243 287 3310 methodicae
305 3267 326 3310 a
341 3241 580 3311 nobilissimo
602 3245 654 3311 de
670 3244 719 3313 la
737 3245 791 3311 M
793 3245 908 3312 arel(
950 3242 1052 3321 felici
1076 3232 1255 3310 successu

58 3346 232 3438 inceptae
247 3357 324 3414 tarn
347 3334 540 3416 volumine
557 3372 646 3434 suo,
675 3372 788 3441 quam
803 3346 927 3439 pretio
946 3358 982 3415 et
1008 3345 1090 3438 ipsa
1109 3342 1248 3437 operis,

62 3449 234 3542 alioquin
274 3451 437 3543 egregii,
461 3451 650 3519 nondum
688 3451 786 3518 finiti
818 3450 965 3519 ratione
994 3447 1260 3517 commodiori

60 3546 150 3620 usui
176 3555 345 3640 obstare,
375 3567 586 3646 queruntur
615 3538 787 3647 plurimi.
853 3554 1010 3624 Reeszi
1044 3546 1248 3645 Cyclopas·

59 3658 217 3746 diam,
205 3684 247 3726 ιιι
264 3683 338 3751 qua
353 3681 572 3751 supremum
600 3659 705 3753 quasi
727 3658 769 3727 in
791 3659 905 3728 rebus
928 3654 1113 3725 botanicis
1144 3654 1246 3752 judi·

10 3774 13 3779 '
60 3785 155 3848 cem,
182 3761 301 3855 ipsius
320 3760 436 3854 patris
452 3761 629 3833 scientiae
652 3763 838 3851 amabilis,
867 3762 1109 3848 LGnaei,
1126 3759 1246 3830 tribu·
1268 3776 1270 3784 ⁴

58 3866 135 3935 nali
165 3864 416 3954 insidentem,
453 3862 679 3937 Jacobam
706 3867 908 3937 Eduard
937 3867 1086 3936 sztlz
1114 3852 1245 3959 Equit.

59 3970 280 4039 Botanicam
297 3969 559 4039 absoluturum
586 3994 664 4041 esse
690 3981 925 4063 compertum
942 3969 1143 4054 habemus,
1174 3991 1240 4036 ne·

25 4140 29 4145 .
61 4075 213 4165 quidem
233 4072 344 4150 titulo
366 4098 434 4143 suo
457 4054 611 4168 integro
635 4075 677 4162 in
691 4089 792 4146 terra
807 4073 1104 4164 firmaEuropae
1121 4095 1243 4164 usque

62 4176 234 4251 adhaese
258 4189 417 4271 tempus
426 4190 556 4248 notam
576 4158 689 4250 luisse
714 4176 913 4263 nobiscum
939 4176 1154 4246 condolent
1168 4177 1243 4242 Bo-

61 4283 183 4353 tanici.
243 4282 490 4352 Desideratur
520 4306 611 4378 ergo
633 4282 676 4351 in
695 4264 875 4376 Botanica
897 4281 987 4351 inde
1016 4279 1108 4351 acl.
1134 4279 1244 4349 Per·
