2588 4792
562 275 608 291 “““
658 270 734 317 XVI.
772 278 818 293 '¹'

108 443 208 491 anno
232 443 277 489 aa
297 443 432 489 novam
461 419 622 489 induere
643 430 815 512 oporteat
837 407 1013 491 sormam.
1068 423 1157 493 Non
1181 423 1276 494 idem

9 540 12 545 '
106 551 195 596 vcro
213 524 336 594 evenit
349 524 535 618 systemati
555 523 792 611 Linnaeano,
819 524 879 594 cui
893 525 1002 595 nulla
1018 528 1177 597 omrriao
1195 530 1276 599 clas·

53 620 58 625 ¹
108 631 157 699 sis
189 654 285 698 nova
320 629 378 699 vel
408 652 481 721 per¹
508 654 625 715 annos
654 625 810 723 jamjam
846 629 1009 698 LXXX.
1041 624 1288 729 adjungenda

70 776 73 781 >
106 734 198 820 luit,
224 733 313 801 licet
331 726 520 829 nlrmerus
542 733 760 826 plantarum
778 759 799 802 a
823 731 948 825 prima
970 735 1195 824 systemata
1220 741 1277 807 Ve-

106 839 324 932 getabilium
345 836 735 931 editionequinquies
763 849 799 905 et
822 837 922 906 ultra
947 851 1076 909 auctus
1104 841 1164 912 sit.
1221 842 1277 936 Sy-

107 955 262 1013 stemata
283 953 429 1030 autem,
463 967 559 1035 qua-e
580 941 758 1010 dicuntur
780 941 985 1029 naturalia,
1018 966 1086 1013 seu
1109 942 1275 1015 methodi

107 1049 195 1117 illae
215 1047 402 1115 naturales
424 1045 666 1123 similitudini
682 1044 922 1132 innituntur,
958 1058 994 1114 et
1016 1070 1129 1118 omne
1156 1049 1277 1119 simila

57 1142 60 1149 ¹
108 1150 343 1237 claudicare,
369 1150 451 1242 quis
484 1163 565 1237 est,
594 1149 659 1242 qui
686 1149 874 1219 nesciatd.
908 1150 1001 1245 Quis
1025 1178 1104 1221 non
1133 1151 1276 1227 facilius

66 1326 69 1331 ,
108 1258 252 1325 classes
257 1255 397 1323 XXIV.
421 1269 518 1339 (seu,
530 1253 684 1372 quihus
707 1279 808 1322 nunc
825 1255 992 1384 Systema
1010 1256 1275 1327 Linnaeanum

107 1371 262 1446 constat,
289 1360 455 1438 XXIII.)
491 1358 653 1426 retincat
674 1359 884 1446 memoria,
918 1384 1031 1452 quam
1057 1359 1220 1431 familias
1251 1364 1274 1430 C

40 1536 43 1543 ,
109 1466 155 1533 cl.
175 1465 438 1549 cteJussieu,
467 1474 531 1531 aut
557 1463 704 1531 CXLV
713 1463 805 1531 Dni.
822 1465 1153 1535 Decandollc?
1188 1466 1275 1561 Quis

29 1622 43 1633 i
106 1584 224 1662 porro
240 1566 408 1662 plantam
429 1566 501 1635 sihi
524 1546 680 1635 adhuc'
669 1578 837 1660 rgnotam
857 1592 1039 1661 quaerens
1064 1594 1144 1639 non
1171 1567 1275 1639 citius

107 1698 190 1741 eam
208 1698 252 1742 ex
265 1672 423 1740 XXIII
436 1658 614 1743 classibus
639 1682 766 1758 eruat,
810 1697 922 1783 quam
948 1697 991 1741 ex
1016 1674 1044 1742 C
1067 1675 1125 1769 rel
1149 1674 1274 1743 CXL?

109 1777 203 1870 Quis
229 1778 458 1845 characteres
474 1774 705 1844 familiarum
722 1774 927 1869 systematis
943 1762 1123 1847 naturalis
1137 1788 1214 1847 tam
1232 1779 1273 1846 el.

107 1883 292 1951 Jussieu
314 1904 428 1974 quam
444 1880 734 1949 Decandolle
753 1879 1046 1955 minusstahiles
1068 1894 1201 1953 esseet
1218 1882 1275 1953 fir-

107 2010 203 2073 mos,
227 1986 354 2054 minus
371 1984 550 2079 distinctu·
562 1983 705 2069 faciles,
734 1984 956 2078 saepiusque
972 1986 1086 2055 nimis
1110 1987 1273 2071 subtiles,

103 2085 186 2183 inan
201 2091 342 2161 iterum
360 2090 575 2183 iterumque
593 2089 791 2159 nobiscum
808 2089 1000 2160 doluerit?
1038 2090 1130 2187 Quis
1148 2115 1274 2168 nume·

107 2220 195 2263 rum
212 2196 428 2287 plantarum
448 2196 617 2271 incertae,
634 2196 738 2280 sedis,
764 2206 806 2263 ut
826 2193 944 2288 ajunt,
962 2206 999 2263 et
1009 2220 1099 2287 quas
1117 2185 1209 2265 calci
1225 2220 1289 2287 sy·-

108 2299 272 2367 stematis
290 2298 471 2367 naturalis
485 2297 715 2391 subjungere
733 2298 873 2384 solent,
898 2322 984 2365 cum
999 2299 1105 2369 nulli
1123 2323 1276 2392 prorsus

69 2486 71 2491 Α
106 2402 254 2471 ratione
276 2402 423 2495 legibus
448 2402 617 2469 methodi
637 2401 871 2469 accomodari
889 2401 1053 2494 possint,
1083 2404 1215 2496 augeri
1236 2402 1275 2471 in

106 2505 327 2600 diespotius
346 2532 459 2603 quam
480 2504 679 2593 imminui,
707 2530 786 2575 non
815 2505 1023 2598 queratur?
1077 2508 1170 2681 guis
1200 2517 1276 2577 tan-

105 2610 192 2680 dem
208 2610 410 2704 negaverit,
439 2610 479 2678 in
497 2635 647 2730 quoque
674 2621 868 2702 systemate
885 2611 1060 2698 naturali,
1105 2634 1119 2679 1
1141 2604 1277 2725 genera

106 2716 416 2787 const1tuendaet
438 2715 647 2808 specierum
665 2714 861 2807 diagnoses
888 2715 1085 2809 fingendae
1108 2715 1206 2804 sint,
1234 2716 1278 2784 ad

105 2820 346 2908 characteres,
364 2844 457 2919 quos
472 2820 602 2888 dicunt
612 2818 842 2908 artificiosos,
855 2819 1155 2914 confugiendum
1171 2818 1275 2889 esse?

56 2991 60 3000 ,
106 2924 186 2994 Ut
176 2925 293 3018 igitur
312 2936 455 3017 captu,
463 2925 515 2993 sic
537 2924 649 2993 etiam
680 2935 837 2995 tractatu
858 2925 971 3018 longe
995 2923 1141 2994 facilius
1168 2935 1277 3017 syste-

105 3054 168 3098 ma
192 3028 479 3117 Linnaeanum,
506 3029 710 3122 longeque
720 3028 873 3098 caeteris
908 3029 1087 3097 omnihus
1111 3053 1276 3097 commo-

106 3133 209 3223 dius3
246 3133 466 3203 brevissimo
498 3133 601 3201 enim
623 3133 804 3225 temporis
829 3132 1277 3229 spatioplantae(salte1n

105 3239 231 3333 quoad
258 3237 460 3307 maximam
482 3250 646 3331 partem)
677 3237 885 3306 secundum
911 3249 1070 3329 systema
1089 3237 1277 3307 Linnaea·

104 3368 199 3410 num
224 3341 596 3412 circumscribuntur.
652 3343 727 3437 Qui
757 3366 846 3410 vero
870 3342 1053 3435 temporis
1077 3340 1280 3436 quaestum

104 3445 210 3534 lecit,
239 3446 367 3516 omnia
390 3448 552 3516 lucratus
573 3458 638 3516 est.
702 3445 931 3538 Neutiquam
950 3472 1038 3516 vero
1061 3470 1123 3515 eos
1148 3470 1275 3538 repre·

102 3551 428 3639 hensurisumus,
456 3551 521 3644 qui
545 3563 739 3643 systemate
769 3550 933 3619 naturali
956 3551 1012 3621 uti
1032 3548 1194 3641 malint3
1225 3562 1274 3619 et·

104 3656 209 3724 enim
237 3682 304 3724 nos
326 3680 477 3752 quoque
502 3656 670 3747 persuasi
698 3679 847 3743 sumus,
880 3657 953 3724 hoc
986 3679 1064 3722 non
1087 3679 1165 3722 uno
1194 3666 1274 3724 tan·

101 3770 185 3829 'tum
204 3761 318 3828 modo
348 3788 416 3830 nos
446 3759 608 3846 allicere,
636 3771 746 3853 atque
771 3761 816 3829 de
842 3769 1027 3829 structura
1046 3768 1082 3827 et
1097 3769 1175 3827 tota
1194 3757 1275 3827 fere

102 3856 318 3958 plantarum
342 3879 475 3934 natura
497 3865 646 3951 melius,
671 3890 783 3958 quam
807 3866 971 3957 Systema
990 3863 1274 3950 Linnaeanum,

43 4004 46 4011 ·
102 3969 292 4057 edocere,
352 3970 420 4038 etsi
454 3969 552 4038 illud
594 3968 694 4038 inter
728 3968 922 4039 verissima
964 3968 1111 4061 saepius
1157 3966 1273 4037 etiam

101 4073 326 4167 hypotheses
349 4073 458 4143 nohis
485 4073 606 4160 offert,
633 4099 729 4168 quae
755 4071 1004 4168 probabiliter
1019 4072 1171 4142 delendi
1193 4096 1273 4141 non

101 4178 268 4273 possint,
296 4178 401 4267 etii,
430 4178 496 4272 qui
512 4190 705 4272 systemate
730 4175 915 4248 artificiali
931 4177 984 4247 uti
1002 4176 1137 4265 velint,
1164 4172 1272 4247 illam

101 4284 316 4379 plantarum
333 4283 588 4378 cognitionem
608 4310 651 4354 ex
674 4280 1059 4393 Physiologiaearum
1077 4282 1149 4355 sibi
1171 4306 1275 4373 coms
