2588 4792
529 313 573 325 .-
624 298 760 345 η..

55 442 143 514 fieri
160 441 273 512 nobis
293 439 417 511 visum
438 453 515 530 est,
543 438 728 531 probante
756 439 994 537 Quintiliano
1022 442 1239 536 excogitate,

56 560 94 617 et
113 560 157 616 ut
175 547 233 617 rei
255 544 501 640 perspicuitas
524 542 614 613 inde
632 543 975 640 augmentumsilri
1002 566 1133 639 cepere
1154 572 1239 641 pos-

57 652 129 742 sit3
159 675 339 720 nonrero
354 650 421 719 ubi
440 650 552 718 rebus
571 649 792 744 antiquiset
808 649 902 718 olim
920 646 997 742 jem
1018 651 1118 721 notis
1142 674 1239 721 nore

54 766 208 825 tentum
226 753 383 823 nomine
405 754 680 848 imponuntur,
709 779 802 849 quoe
827 752 935 823 Fabii
962 752 1104 825 dietum
1129 754 1240 825 nobie

57 861 103 929 in
130 870 295 929 mentem
329 869 483 947 vocent,
526 862 713 949 „multos,
755 858 891 953 quihus
924 858 1240 952 loquendi'ratio

60 988 139 1033 non
165 962 282 1050 desit,
309 961 492 1052 inveniri,
521 988 615 1058 quos
641 965 787 1034 curiose
815 962 941 1056 potius
971 964 1078 1057 loqui
1101 962 1240 1033 dixeris

59 1092 175 1162 quem
192 1066 352 1137 latine.“
376 1134 384 1149 „
415 1068 614 1157 Pluribus,
648 1082 690 1138 ut
718 1069 887 1155 ridetur,
914 1067 955 1135 in
982 1069 1239 1159 recentiorum

32 1176 36 1181 ’
54 1171 331 1265 terminologie
344 1172 503 1264 receptis
526 1174 648 1243 verbis
663 1174 770 1242 focile
787 1172 1047 1243 caruissemus.

165 1268 420 1345 Nominatum
437 1300 620 1369 generum
636 1302 749 1372 quem
770 1270 995 1371 specierum
1006 1276 1051 1346 oh
1078 1287 1238 1353 cotenes·

55 1379 211 1459 sonibus
227 1380 364 1449 nostris
381 1384 575 1473 proposito
586 1394 627 1451 ut
642 1382 853 1477 plurimum
871 1380 1123 1470 retitruimus3
1143 1379 1238 1449 nnti-

54 1480 259 1581 quioribus
291 1510 368 1583 non
399 1509 486 1554 roro
509 1486 571 1583 jus
597 1510 709 1557 suum
728 1486 984 1576 restituimus3
1012 1484 1239 1579 paucissimo

53 1589 160 1659 mele
172 1600 319 1657 tornato
336 1589 467 1657 incudi
484 1591 731 1660 reddidimus.
787 1591 843 1659 Ne
861 1590 981 1659 moles
996 1589 1238 1662 voluminum

53 1692 175 1762 nimis
197 1705 389 1785 augeatur,
418 1706 454 1762 et
470 1707 512 1764 ut
526 1696 690 1765 maxime
704 1720 790 1789 pers
811 1694 1027 1789 graminum
1042 1719 1119 1763 uno
1133 1694 1238 1762 volu-

54 1795 165 1866 mine
178 1796 402 1884 absolvetur,
421 1801 635 1869 consultum
653 1800 841 1886 duximus,
870 1823 1085 1892 cyperecoes
1105 1810 1141 1866 et
1156 1821 1238 1890 grc-

33 1900 166 1971 'mine
200 1899 323 1969 classis
349 1901 492 1971 tertiae·
507 1904 548 1973 in
582 1904 746 1973 secundo
771 1903 964 1974 uolumine
995 1914 1235 1997 pertrectare.

55 2004 191 2072 Liceat
211 2003 365 2073 interim
387 2005 450 2073 hic
464 2031 584 2098 peuce
605 2010 650 2077 de
667 2008 714 2076 iis
735 2032 1004 2100 praemonere,
1034 2031 1110 2074 non
1135 2003 1238 2099 quod

58 2107 292 2195 dubitemus,
310 2108 402 2202 quin
420 2110 597 2179 omnihus
614 2112 855 2191 notissimum
874 2111 932 2198 sit,
950 2109 1109 2179 [emilius
1128 2110 1237 2177 hasco

57 2211 173 2304 longe
200 2211 441 2282 difficillimos
460 2239 559 2302 esse,
595 2228 631 2285 et
653 2215 753 2283 inter
778 2239 908 2285 omnes
939 2215 1237 2307 phanerognmar

55 2315 222 2385 maxime
260 2316 457 2410 ancipites3
509 2318 573 2387 sed
610 2320 713 2413 quod
746 2319 875 2412 paucis
905 2342 1128 2411 persuasum
1159 2340 1237 2385 esse

54 2419 243 2507 videntur,
270 2420 312 2488 in
327 2423 524 2514 permultis
545 2424 603 2494 rel
619 2422 876 2493 doctissimum
899 2421 1237 2515 egrostogrephum

53 2525 100 2594 in
117 2523 283 2593 tenebris
299 2525 425 2617 potius
443 2551 555 2623 quom
575 2528 616 2595 in
638 2528 722 2596 luce
744 2526 897 2597 versari.
951 2527 999 2619 In
1021 2538 1141 2613 tento,
1168 2525 1237 2618 igi-

56 2642 125 2699 tur
149 2653 257 2723 quoe,
282 2649 328 2681 '-
354 2655 444 2722 poce
470 2643 583 2701 totet
604 2643 793 2700 tentorum
808 2630 1115 2705 „clarissimorum
1140 2628 1238 2699 viro-

56 2756 150 2801 rum
172 2732 236 2827 qui
259 2744 356 2803 totos
385 2759 423 2803 se
451 2720 543 2807 fluis
574 2735 696 2804 studio
722 2743 960 2822 consecrant,
993 2734 1168 2819 dixerim,
1195 2769 1240 2787 -·

59 2837 408 2931 egrostogrsphiem
428 2838 565 2909 nostris
582 2841 703 2909 adhuc
724 2839 959 2933 temporibus
978 2838 1131 2934 premit,
1151 2861 1238 2906 con-

61 2940 224 3030 fusione,
252 2967 319 3010 eur
334 2967 535 3012 vereamur
558 2944 727 3012 confiteri
746 2943 915 3029 candide,
944 2955 980 3012 et
1002 2968 1069 3011 nos
1085 2956 1238 3036 quoque

59 3044 371 3138 plurime-adhuc
395 3047 436 3116 in
452 3048 567 3117 hocce
592 3047 711 3117 nostri
740 3047 864 3141 operis
886 3059 991 3138 perte
1011 3046 1236 3131 desiderare,

57 3150 107 3220 de
130 3149 308 3243 pluribus
332 3151 517 3237 dubitare,
545 3152 586 3220 in
606 3152 734 3221 multis
763 3151 966 3238 caecutire,
990 3138 1096 3220 tnud
1119 3150 1238 3243 peuce

56 3253 225 3348 denique
247 3254 425 3349 ignorare
448 3270 484 3326 et
511 3256 691 3325 nescire?
744 3256 791 3325 Et
814 3280 891 3343 ros,
921 3256 986 3348 qui
1007 3255 1100 3324 hoec
1122 3253 1237 3346 profi·

55 3357 132 3428 teri
152 3383 230 3427 non
244 3360 455 3459 ¹veremini,
482 3387 546 3430 vos
566 3385 689 3455 neque
707 3362 844 3453 pudet,
873 3359 970 3429 dicet
996 3359 1152 3427 forsitan
1171 3344 1245 3425 eli-i

61 3461 167 3556 quis,
195 3486 319 3557 neque
337 3464 458 3533 taedet
480 3464 621 3557 incepti
652 3465 778 3557 operis
802 3463 950 3535 vestri?
978 3501 1022 3516 --
1074 3462 1238 3535 Puderet

60 3589 151 3635 sene
170 3568 435 3658 taederetque,
462 3569 494 3636 si
519 3567 700 3662 piguisset
723 3568 882 3657 loboris,
912 3566 942 3635 si
968 3590 1104 3656 omne,
1134 3564 1239 3663 quod

57 3670 102 3740 in
125 3670 236 3739 nobis
252 3682 343 3757 emt,
373 3671 487 3738 studii
506 3685 542 3743 ot
561 3670 779 3765 diligentiae
798 3697 876 3740 non
898 3670 1029 3740 sedulo
1054 3671 1096 3741 in
1120 3694 1238 3765 opere

60 3785 192 3842 nostro
216 3774 537 3865 adhibuissemus,
573 3773 699 3868 siper
721 3802 837 3845 ennos
858 3799 936 3842 non
963 3774 1023 3844 die
1047 3788 1240 3868 noctuque

58 3879 194 3965 libris,
229 3877 444 3966 berberiis,
466 3878 647 3948 'hortulis
677 3881 813 3949 nostris
844 3878 1167 3971 incubuissemus3
1204 3878 1238 3948 ri

60 3982 227 4077 denique
254 3983 346 4053 elios
362 3984 492 4077 plures
519 3978 749 4053 novissemus
778 3982 887 4051 nohis
910 3982 1108 4054 feliciores.¹
1163 3982 1238 4053 Sed

61 4087 221 4157 forsitan
239 4086 304 4156 elii
325 4113 488 4183 quoque,
518 4087 583 4181 qui
602 4088 709 4181 operi
725 4086 790 4154 teli
810 4089 886 4157 sese
902 4087 1096 4183 accingent
1116 4110 1235 4183 quum

62 4216 134 4287 per
159 4203 288 4281 noctes
310 4193 439 4285 plures
464 4192 718 4286 vigilaverint,
753 4191 950 4267 nobiscum
980 4204 1015 4261 et
1031 4217 1124 4278 'oum
1148 4214 1235 4282 spo·

65 4299 162 4373 stolo
173 4297 320 4389 dicents
347 4296 563 4395 „Domine,
589 4295 765 4386 domiue,
791 4296 1045 4369 laboraremus
1065 4317 1235 4392 perom-
1282 4304 1285 4309 '
