2588 4792
546 286 590 302 ·-
641 282 717 327 rur
771 272 820 330 -’-,
896 298 910 327 ι

76 402 206 533 xquam
220 423 602 529 dicunt‘iiefinitionir,
628 436 704 525 qud
721 429 816 499 olim'
828 430 982 525 quidem
992 431 1139 524 'species'
1154 455 1265 524 agna·

86 555 146 612 tae
163 538 511 632 distinguebantur,
547 534 663 605 bodie
688 535 1088 606 vero'consunduntur
1114 536 1242 629 potius
1253 560 1271 625 3¹

89 647 224 731 altera,
240 642 375 714 ⁴brea-is
402 643 631 737 plerumque
654 653 689 710 et
718 665 852 710 manca
876 639 1173 734 utplurimum,
1202 641 1266 722 de·

1 801 32 845 «Ι
90 749 258 844 scriptio.
323 746 404 843 His
427 746 568 815 accedit
590 747 718 840 quod,
756 744 1085 838 novis¹speciebus
1113 745 1155 814 in
1186 744 1291 815 dies

8 908 10 913 -
88 857 259 949 undique
292 851 550 970 ἱιιιιιιιιὶΙιιιι,
585 850 823 943 definitiones
855 875 922 919 seu
943 850 1140 946 diagncscs
1170 849 1266 919 anti-

91 959 271 1058 quiorum
300 967 336 1025 et
364 955 493 1025 olim
480 981 558 1054 pam
597 968 772 1037 notarum
797 956 1015 1048 plantarum
1041 981 1084 1026 ex
1113 952 1280 1047 integro

91 1065 240 1158 saepius
264 1060 338 1130 sint
356 1061 636 1150 reformandae3
667 1060 769 1180 qaod
789 1085 880 1128 vero
910 1063 1160 1130 tunctantum
1181 1056 1263 1128 sine

27 1216 29 1223 ι
90 1169 245 1240 exitiosa
264 1166 473 1239 temeritate
487 1164 574 1235 tieri
589 1163 750 1257 poterit,
775 1164 805 1233 si
822 1177 858 1234 et
875 1176 1011 1235 noriam
1024 1177 1060 1234 et
1077 1162 1265 1258 antiquio·
1268 1178 1271 1183 '

89 1287 173 1345 rent
195 1270 367 1364 'speciem-
385 1294 498 1365 quarn
518 1266 787 1363 perfectissime
814 1266 985 1346 noveris}
1027 1272 1110 1339 Jam
1133 1269 1165 1337 si
1188 1266 1264 1337 tuis

90 1366 210 1472 ipsius
227 1376 347 1445 ocutis
363 1377 479 1445 fidem
493 1375 632 1444 babere
647 1374 891 1468 saepiusnon
907 1373 1061 1467 poteris,
1077 1382 1268 1468 quaenam

84 1485 139 1552 'sit
155 1482 333 1567 aliorum,
363 1472 457 1574 q'uae
474 1478 792 1572 descriptionibus
805 1480 979 1567 habenda
996 1490 1170 1547 currente
1188 1500 1264 1546 sac·
1284 1476 1286 1481 ’

89 1613 139 1682 pe
159 1586 303 1655 calamo
319 1584 489 1672 exaratis,
515 1584 709 1653 interdurn
728 1584 776 1653 ad
788 1580 915 1652 'unum
937 1584 1052 1653 modo
1073 1581 1268 1674 exemplar

89 1689 230 1785 paratis
246 1701 356 1783 atque
380 1684 603 1776 momentis,
640 1700 689 1767 ‚ut
713 1689 765 1758 ita
790 1688 931 1776 dicam,
972 1686 1267 1780 comparationis

38 1837 46 1849 ι
76 1795 239 1888 'saepius
256 1792 415 1862 omnino
432 1792 629 1879 destitutis,
657 1791 768 1862 facile
781 1793 982 1887 intelliges.
1020 1792 1156 1861 Breves
1174 1793 1270 1860 istae

92 1911 129 1969 et
157 1897 400 1995 imperfectae
425 1897 714 1990 descriptiones,
757 1920 846 1990 quas
877 1897 1099 1992 sciagrapba
1138 1896 1268 1989 potius

92 2004 241 2074 diceres·
252 2002 428 2075 exhibere
444 2026 557 2096 quam
573 2001 722 2090 icones,
748 2000 834 2089 illos
854 2002 981 2072 tristes
999 2002 1186 2070 dissensus
1203 2022 1269 2117 pe-

91 2119 275 2202 pererrant
301 2108 370 2175 hos
385 2107 513 2194 inter,
548 2106 623 2201 qui
637 2105 728 2176 rivis
747 2107 904 2211 plantis,
941 2108 1015 2176 sive
1052 2102 1269 2198 spontaneis

70 2206 75 2223 ‘
93 2214 168 2280 sive
184 2211 306 2295 cultis,
334 2213 544 2311 praecipue
560 2208 711 2278 student
728 2206 1002 2291 (Herbolarzbs)
1020 2222 1056 2279 et
1072 2210 1172 2296 illos,
1201 2207 1268 2302 qui

90 2317 206 2384 siccas
229 2325 376 2382 tantum
400 2324 570 2381 noscunt
580 2314 865 2394 (Gamerae-abs).
918 2316 1018 2384 Alter
1037 2312 1249 2386 alterurn
1218 2339 1269 2384 ιι·

94 2421 175 2509 det,
203 2406 337 2487 neuter
352 2415 437 2512 jure
456 2416 684 2529 meritoque.
735 2460 738 2465 ‹
797 2436 827 2503 ι,

100 2640 105 2663 ’-
199 2630 259 2694 Ιιι
267 2618 534 2729 Diagnosibus
547 2580 788 2696 oraculorum
815 2629 909 2722 stylo
932 2629 1135 2722 expressis,
1166 2638 1209 2696 ut
1227 2628 1270 2696 in

94 2731 290 2824 primibus
300 2719 534 2850 βγιίειιαιιί
544 2726 816 2821 legetabztmm
832 2732 1063 2803 editionibus
1077 2732 1161 2800 fieri
1176 2732 1272 2821 sole·
1285 2736 1288 2743 ’

96 2837 172 2928 bat,
202 2834 437 2928 acquiescere
453 2834 564 2904 nobis
585 2862 664 2904 non
678 2838 896 2906 consultum
911 2837 1121 2908 videbatur.
1177 2838 1272 2905 Pau-

98 2966 157 3035 cas
176 2940 279 3009 enim
296 2951 450 3033 tanturn,
467 2940 608 3032 species
632 2941 721 3010 solis
736 2942 839 3011 hisce
861 2934 1108 3035 diagnosibus¹
1128 2952 1163 3009 et
1188 2952 1273 3010 tuto

98 3056 136 3115 et
159 3043 271 3114 'facilc
299 3030 482 3137 distingui
513 3064 622 3138 posse
653 3030 763 3132 nobis
792 3059 1014 3139 persuasum
1041 3056 1131 3123 erat.
1195 3043 1272 3113 De·

99 3148 388 3245 scriptiunculas
409 3147 528 3243 igitur
543 3149 690 3242 saepius
709 3162 934 3235 contractas,
961 3149 1097 3218 litteris
1111 3149 1274 3218 minori-

97 3254 169 3323 bus
189 3277 378 3348 exprcssas
403 3252 733 3348 cuique'diagnosi
755 3253 1040 3342 subnexuimus,
1069 3279 1144 3348 quo
1162 3253 1272 3322 citius

99 3360 313 3451 rectiusque
329 3352 458 3449 plabta
471 3357 869 3452 indaganda'eruatur.
923 3357 961 3426 Si
977 3358 1020 3429 in
1033 3358 1180 3443 Irideis,
1204 3360 1273 3451 Cy-

98 3462 280 3558 peraccis,
310 3461 579 3531 Gramineis
535 3462 656 3530 nnnis
678 3460 871 3549 forsitan
851 3461 994 3553 copiosi
1016 3461 1130 3531 fuisse
1150 3461 1274 3531 videa

99 3593 202 3655 mur,
229 3565 317 3635 vel
305 3588 387 3658 lpsa
407 3565 532 3634 Protei
553 3565 751 3659 progeniei
773 3545 888 3661 hujus
914 3580 1047 3635 natura
1073 3590 1141 3633 nos
1165 3591 1274 3635 excu-

102 3668 210 3741 sabit.
265 3669 384 3738 Nobis
411 3668 514 3738 enim
535 3671 632 3739 etin
657 3668 839 3739 Botanico
862 3671 1027 3755 videtur,
1055 3682 1099 3739 ut
1123 3671 1275 3765 Quinti·

99 3774 241 3844 liano
230 3800 271 3845 ιιι
300 3785 469 3862 oratore,
504 3774 629 3868 prima
651 3799 729 3843 esse
754 3772 871 3845 virtus
890 3768 1160 3867 perspicuitas,
1204 3785 1275 3864 „ut

98 3905 255 3970 „sermo
285 3886 322 3946 et
352 3877 471 3948 doctis
500 3877 733 3972 probabilis,
765 3874 809 3949 'et
827 3881 970 3972 planus
1001 3878 1045 3948 fit
1070 3879 1277 3971 imperitis,

103 3986 219 4077 „licet
232 3983 461 4078 persuaserit
478 3983 632 4076 quidem
652 3981 730 4078 jam
744 3984 883 4053 multos
904 3981 975 4050 ista
990 3984 1205 4075 persuasio,
1232 3993 1276 4052 ut

105 4090 173 4182 „id
192 4088 271 4187 jam
298 4086 453 4156 demum
475 4088 666 4180 eleganter
689 4100 801 4182 atque
830 4086 1013 4180 exquisite
1037 4088 1180 4158 dictum
1205 4115 1275 4182 pu·

105 4207 227 4285 „tent,
256 4190 359 4287 quod
374 4191 700 4287 interpretandum
717 4194 804 4262 sit.“
858 4185 901 4259 In
919 4191 1002 4261 aliis
1014 4218 1105 4289 vero
1120 4192 1275 4262 familiis

101 4312 142 4372 et
156 4296 372 4396 gerres-ibus,
400 4294 468 4367 ubi
481 4295 645 4391 speeiem
666 4303 745 4369 unt
760 4294 870 4367 facile
891 4302 993 4388 nota,
1019 4309 1126 4368 ut'ex
1147 4323 1275 4395 ungue
