2588 4792
57 280 224 363 'stasne
350 235 577 348 ortanam.
622 279 939 349 annonaria·
1180 283 1239 348 ns

104 444 235 500 losulae·
265 445 421 505 =Corollae
449 446 574 503 laciniae
595 447 754 521 oblongae.
807 447 1143 522 capsula,ubcordata,
1168 449 1237 505 sub·

102 517 307 584 ventricosa.“
348 519 480 575 Poiret
498 540 573 576 vero
594 521 635 576 ait
649 522 719 577 Erre.
739 523 823 578 metir.
845 534 864 577 t.
877 523 958 580 VllI.
980 543 1010 597 p.
1033 524 1096 581 ⁵38.
1114 523 1241 597 „planta

100 592 248 648 notabilis
270 594 308 649 ab
329 595 505 652 tenuitatem
533 607 562 650 et
589 595 804 669 longitudinem
825 595 970 664 caulium,
993 597 1066 653 iulia
1088 615 1126 661 ue
1145 616 1240 673 parva

102 668 301 733 subrotunda,
321 668 471 724 distantia.
504 671 630 724 Radices
645 670 775 725 fibrosae
791 690 806 726 e
821 671 931 746 quibus
946 673 1046 727 caules
1059 617 1162 746 §aaut
1171 689 1240 748 pro·

44 788 46 793 .
102 741 203 809 strati,
221 743 331 806 diffusi,
346 744 556 817 subsimplices
572 755 623 798 aut
634 743 701 799 basi
713 754 826 799 tantum
838 747 958 801 ramosi.
996 748 1080 802 Folia
1092 747 1240 802 inferiora

102 818 256 892 opposita.
275 817 413 873 breviter
428 819 582 893 petiolum,
599 817 757 892 superiora
771 820 886 875 sensilia
899 821 1015 889 alterna
1029 823 1156 888 minora,
1172 819 1240 878 snbss

89 893 235 949 ‚rotunda
256 903 306 946 aut
327 904 431 960 ovata,
453 902 592 958 conlata,
619 895 790 961 urenulata,
814 905 936 964 tenera,
956 896 1077 964 tenuia,
1096 897 1239 971 utrinque

102 967 233 1034 viridia,
264 968 318 1021 sub
346 968 427 1023 lente
455 978 567 1022 tanturn
593 967 663 1041 pilis
679 969 800 1041 ‚sparsis
827 971 944 1025 vestita.
996 958 1102 1026 Floras
1128 971 1239 1027 alterni

100 1043 244 1098 axillares
266 1041 296 1095 in
316 1042 495 1116 pedunculis
517 1042 582 1097 fere
604 1041 817 1114 capiunt-ibus,
837 1042 918 1099 foliis
937 1045 974 1100 ad
992 1045 1148 1103 minimum
1168 1064 1239 1120 qua-

104 1118 217 1192 druplo
239 1117 443 1191 longioribus,
470 1116 652 1185 fructiferin
664 1115 781 1170 demum
801 1118 928 1173 rellexis.
974 1121 1064 1192 Calyx
1083 1138 1100 1177 e
1119 1120 1238 1177 laciniis

98 1194 119 1264 l}
141 1190 433 1264 subinaequalibus,
454 1192 567 1258 uvalis,
588 1192 727 1264 oblongis
749 1193 866 1247 obtusis
881 1195 930 1247 vix
948 1195 1075 1249 villosis.
1093 1196 1096 1203 '
1116 1195 1238 1251 Corella

98 1284 227 1339 magna,
263 1267 379 1322 laciniis
414 1267 498 1322 limbi
532 1264 681 1340 oblongis.
734 1267 863 1341 Capsula
890 1269 1074 1337 obeundam,
1107 1269 1238 1325 subveu-

98 1343 223 1401 tricosa.
320 1343 355 1395 In
375 1351 462 1413 ponto
483 1342 607 1395 Euxino.
652 1341 695 1393 Ex
719 1341 805 1396 berb.
826 1342 1040 1402 Lamarelr.“
1090 1342 1143 1415 lin¹
1162 1343 1237 1398 haee

90 1418 265 1490 filisormis,
292 1434 368 1488 quae
390 1417 502 1490 ubique
525 1416 657 1472 colitur?
695 1417 849 1472 Meherole
876 1437 952 1486 nou,
979 1419 1052 1473 lieet
1076 1435 1137 1472 non
1155 1416 1237 1472 vide·

99 1496 195 1549 rimus
221 1494 354 1563 plantam
381 1492 640 1561 Touraesortt'.
690 1491 830 1545 Excludit
857 1511 979 1567 quoque
1005 1495 1080 1548 aV.
1108 1493 1235 1561 suafili.

51 1600 56 1607 ·
91 1567 196 1638 sorm‘
224 1564 386 1621 Murscd.
422 1587 438 1621 a
464 1568 647 1622 Bieberst.
672 1567 712 1634 st.
745 1574 826 1622 taur.
852 1588 928 1624 canc.
958 1587 988 1642 p.
1020 1570 1063 1627 1⁵.
1083 1583 1235 1640 synonym.

101 1642 366 1711 Tearaefortr',
393 1641 465 1697 licet
490 1642 605 1696 Willd.
627 1641 701 1713 Spes.
724 1642 746 1701 l.
768 1660 797 1713 p.
820 1649 864 1714 74.
887 1656 916 1698 et
935 1643 1059 1698 Smitlr.
1080 1644 1146 1698 l.·e.
1167 1660 1235 1697 cum

98 1719 218 1775 Base.
238 1718 258 1773 l.
283 1736 307 1768 c.
329 1717 411 1769 citet.
450 1719 511 1773 Nec
532 1714 658 1780 mirum,
684 1714 800 1770 iconem
822 1716 931 1773 adduci
952 1736 986 1773 ex
1005 1716 1236 1773 Baoebaumio

98 1813 117 1850 a
130 1796 197 1848 clo.
213 1789 260 1843 M.
282 1809 301 1843 a
320 1793 578 1858 Bieberstein,
599 1799 628 1842 et
649 1789 808 1846 excludere
822 1791 942 1848 citatum
959 1810 994 1847 ex
1015 1793 1235 1860 Tournesor·

91 1870 153 1926 tio
174 1885 190 1921 a
209 1867 442 1922 anhaumio
462 1865 641 1928 adductum,
667 1882 758 1938 quum
778 1866 867 1934 icon,
886 1869 957 1921 licet
976 1867 1058 1922 haud
1076 1868 1119 1920 ita
1137 1866 1236 1933 bene,

98 1938 208 1996 melius
228 1951 327 2005 tamen
348 1958 435 2013 quam
456 1944 559 2014 planta
580 1941 645 2010 ipsa
663 1941 858 1994 Toumel'orti
884 1941 1023 2016 quadret.
1077 1944 1123 1997 De
1152 1941 1236 1994 ami.

98 2018 177 2073 thio
196 2033 257 2069 non
275 2014 407 2068 dubitat:
428 2017 498 2070 hine
519 2012 661 2068 amitat
676 2014 781 2084 planta
799 2015 848 2067 vix
868 2015 1125 2070 Tourrsefortiaua
1145 2013 1232 2070 uobis

84 2092 229 2173 ,videtum
255 2091 427 2161 Vahaonrcan
444 2088 1100 2161 lianocefiltformemelsPor'retpcr-egrinam
1112 2090 1233 2144 interut

98 2165 316 2231 rotundifolr'am
343 2163 461 2237 posuit,
489 2166 526 2218 V.
549 2163 692 2233 persicam
717 2179 790 2216 vere
813 2179 895 2218 suam
920 2169 1012 2239 (quae
1028 2164 1185 2232 fitpermu
1203 2174 1234 2223 et

96 2241 338 2310 Hortulanorum
367 2251 397 2294 et
415 2237 644 2306 Botanicorum)
673 2246 746 2308 post
762 2247 909 2308 agrestem
933 2237 1054 2317 posuit,
1081 2236 1131 2292 eui
1149 2247 1233 2292 certe

96 2315 245 2395 proxima.
286 2318 322 2372 Θ.
363 2313 477 2373 Confer
495 2315 533 2368 V.
550 2313 701 2384 persicam.
861 2312 867 2355 l

111 2441 179 2507 123.
198 2460 201 2471 ‘
224 2443 263 2505 V.
286 2459 424 2499 amoena
447 2434 617 2517 Steueng
641 2436 779 2503 floribus
798 2439 955 2502 solitariis
967 2438 1229 2514 subracemosis‚

44 2527 117 2590 >liis
142 2525 247 2587 oratis
271 2526 433 2599 erenatis,
467 2522 639 2587 floralibus
669 2524 823 2606 oblongis
852 2523 1075 2607 integerrimis
1103 2523 1230 2607 pedun-

47 2611 114 2672 ulis
136 2608 365 2672 brevioribus.
389 2609 566 2692 segmentis
590 2608 747 2689 calycinis
768 2607 969 2682 linearibus,
992 2608 1087 2670 caule
1106 2609 1230 2692 patulo.

44 2687 214 2757 iderabit.
238 2693 257 2753 d
278 2687 309 2751 B
317 2692 328 2752 i
336 2690 489 2754 eberat.
510 2701 598 2755 taur.
616 2711 706 2767 eune.
729 2695 753 2755 1.
766 2715 798 2776 p.
814 2714 859 2755 aa.
945 2691 1165 2756 V.orientalis
1180 2688 1233 2757 ἰοὲ

44 2780 80 2839 iis
107 2776 253 2864 hederae
275 2777 441 2838 terrestris
464 2797 582 2859 magno
605 2773 689 2839 ssore
715 2768 924 2857 Tournef.
949 2795 1017 2839 cor.
1041 2774 1100 2857 7.i

61 2884 240 2959 Magnitudo
260 2885 297 2942 V.
319 2884 463 2950 ανυεηείε,Ι
483 2883 556 2937 folia
572 2883 688 2937 floralia
705 2881 831 2938 caulinis
847 2882 1020 2949 dissimilia,
1040 2885 1164 2950 minuta,
1180 2882 1231 2950 ¹iu·

95 2959 268 3034 tegerrima.
307 2957 514 3012 Pulcherrima
527 2958 615 3030 hujus
631 2956 768 3025 ordinis,
789 2956 864 3012 llere
880 2976 986 3032 magno
1001 2975 1115 3031 cyaneo
1132 2957 1229 3012 fundo

101 3033 214 3090 albida.
311 3033 346 3087 In
365 3034 477 3106 [beriae
496 3035 609 3104 campis.
649 3037 686 3094 Θ.

110 3144 177 3209 124.
222 3137 263 3200 V.
296 3129 508 3216 rotandyblin
539 3131 672 3209 Rasin
699 3132 791 3195 soliis
825 3130 1228 3196 orbiculato-raniformi·

47 3239 87 3280 us
124 3218 285 3294 crenatis,
324 3221 419 3280 caule
461 3216 613 3281 filiiormi
646 3230 793 3303 repente.
865 3214 917 3280 Fi.
947 3209 1065 3300 perne]
1091 3217 1117 3279 1.
1140 3236 1174 3298 p.
1197 3214 1229 3278 b.

44 3297 143 3362 'fulti
161 3297 284 3363 Enum.
308 3305 332 3366 l.
357 3324 389 3387 p.
414 3304 465 3367 81.

56 3414 191 3470 Hirsuta.
233 3415 334 3485 Caullis
354 3435 545 3489 purpureus,
564 3418 673 3474 tenuis.
719 3418 805 3475 Folia
828 3421 904 3486 3-3,
925 3431 1016 3488 saepe
1041 3435 1050 3468 ι
1074 3431 1092 3468 e
1114 3411 1231 3486 singulo

96 3490 253 3562 geniculo,
281 3491 370 3562 longe
391 3493 553 3562 petiolum,
579 3494 763 3568 subpeltata.
812 3490 976 3549 Pedunculi
996 3488 1119 3561 petiolis
1139 3488 1232 3561 duplo

97 3564 259 3636 longiores.
313 3565 436 3619 Corolia
463 3585 748 3642 roseo-purpurea.
803 3569 936 3623 Stamina
960 3565 1019 3619 tria
1044 3562 1234 3640 longitudine

96 3639 174 3693 tubi·
214 3639 323 3695 Veniat
344 3640 469 3696 corollis
491 3643 711 3716 quinquennis,
740 3643 915 3698 staminibus
936 3649 1075 3713 qunuor.
1113 3640 1161 3696 An
1180 3639 1232 3694 bu·

93 3715 141 3783 jus
163 3714 307 3786 generis?
346 3713 448 3769 Dubia
472 3720 613 3775 Vablio.
710 3720 745 3773 In
765 3719 908 3774 Per-aviae
928 3716 1081 3786 uliginosa.

109 3824 179 3884 125.
222 3818 267 3889 V.
287 3821 416 3899 biloba3
448 3825 539 3888 foliis
563 3830 666 3891 oratis
689 3829 824 3892 serratis
847 3827 951 3889 acutis
974 3827 1118 3908 glabris,
1147 3828 1232 3890 laci-

43 3909 84 3969 iis
107 3907 265 3988 calyeinis
280 3911 473 3992 aequalibus
489 3913 592 3974 oratis
613 3913 801 3986 trinerviis,
825 3911 934 3974 fructu
951 3912 1108 3994 bipartito
1130 3912 1232 3996 majo·
1256 3928 1267 3942 “

50 3993 146 4135 lpppm
169 3986 298 4138 &igint⁴
319 4003 422 4143 gunt.
451 4016 517 4078 172.
608 3994 642 4057 V
643 3995 718 4057 ubl
729 3994 838 4080 symb.
856 3993 921 4058 but.
937 3993 1001 4081 lp.
1019 4014 1045 4061 1.
1120 3990 1233 4055 Bne-

56 4185 158 4247 Caulis
181 4194 316 4253 eiectus,
349 4186 605 4266 simplicissimus,
633 4186 780 4261 digitalis3
798 4186 885 4244 ¹folia
911 4187 1075 4264 petiolum,
1104 4192 1231 4241 serrata.

93 4263 136 4318 ria
157 4264 300 4339 utrinque
320 4266 398 4335 3-4,
418 4263 504 4321 basin
524 4281 630 4319 versus
658 4261 868 4337 integerrima,
888 4261 1006 4329 floralia
1026 4259 1160 4330 sessilis,
1180 4280 1231 4336 pe-

91 4337 225 4396 tiunculc
256 4340 402 4415 longiora.
463 4340 552 4412 Galyx
587 4336 835 4414 quadripartitus.
894 4337 1038 4419 corollae
1072 4333 1232 4395 admodum
