2588 4792
548 110 792 157 —1V·'·

74 264 183 349 parte
198 252 367 323 beatum.
404 254 550 327 Nobis
583 271 709 327 autem
731 260 830 329 illud
835 261 1013 383 ‘reliquis
1042 264 1256 359 praeferen-

74 359 169 426 dum
194 370 354 452 systema
373 357 545 449 ridetur,
576 365 679 456 quod
708 365 864 461 majoris
891 367 938 436 sit
963 370 1255 462 perspicuitatis,

72 461 268 532 brevitatis
291 462 450 531 facilior
440 489 545 558 isque
561 491 664 536 usus.
719 471 760 536 ln
786 470 858 539 hoc
881 471 984 540 enim
1008 474 1184 543 sortitur..
1197 476 1253 546 rei

75 564 215 654 cardo,
253 578 295 634 ut
321 564 428 635 tacita
454 579 491 636 et
521 571 628 638 nullo
653 573 759 664 quasi
784 576 936 668 negotio
970 589 1163 669 systemate
1196 581 1253 650 uti

74 692 218 763 possis,
251 669 398 764 reliqua
418 673 564 759 omnia,
594 674 867 796 qualiacunque
890 680 982 766 sint,
1011 694 1251 802 systematum

75 769 317 868 principiaet
332 788 573 864 ornamenta,
602 777 632 846 si
658 781 886 850 accuratiore
917 785 1112 855 severioris
1134 788 1251 880 Logi-

12 910 16 921 ·
77 900 140 945 cae
164 878 308 947 trutina
324 904 368 948 ea
390 881 679 971 examinaveris,
707 909 802 954 vana
825 885 1054 957 videbuntur
1072 903 1108 959 et
1127 890 1248 959 irrita.

74 978 233 1071 Natura,
262 1005 359 1076 quas
381 1007 450 1053 nec
468 987 598 1055 classes
619 987 780 1078 crearit,
808 1013 877 1058 nec
894 991 1067 1079 ordines,
1101 1019 1170 1063 nec
1198 994 1249 1064 fa-

69 1083 212 1176 milias,
240 1111 310 1155 nec
326 1085 448 1156 tribus
465 1090 523 1158 vel
552 1090 752 1178 sectiones,
780 1094 940 1163 minime
965 1095 1137 1167 omnium
1158 1123 1248 1169 vero

11 1254 16 1273 ,
70 1216 226 1285 genera,
253 1202 406 1280 natura,
435 1203 477 1269 ut
500 1194 618 1286 ipsius
642 1208 677 1264 et
699 1196 907 1288 gravissimi
935 1200 1115 1289 auctoris,
1144 1202 1249 1270 Pat-
1289 1236 1292 1241 ·

11 1282 15 1291 ¹
68 1297 156 1386 las,
184 1295 308 1366 rsrbis
322 1286 489 1386 utamur,
516 1309 710 1392 systemata
731 1313 856 1370 nostra
878 1304 1071 1373 omniane
1091 1305 1245 1398 quidem

67 1400 179 1472 llocci
203 1399 290 1471 lacit
312 1412 349 1470 et
367 1400 578 1493 vilipendit.
635 1406 836 1498 Systemata
861 1407 964 1475 enim
996 1408 1036 1475 in
1065 1406 1246 1487 Botanica

68 1530 152 1576 non
165 1504 310 1603 majore
327 1506 417 1593 sera,
447 1531 559 1599 quam
577 1532 656 1595 ora,
685 1507 777 1576 nixu
794 1509 886 1602 poni
899 1535 1021 1603 posse,
1049 1512 1245 1585 botanicos

67 1613 130 1685 rel
145 1609 369 1679 immortalis
380 1610 551 1680 Adanson
567 1611 643 1709 jam
662 1612 823 1682 edocuit.
877 1615 990 1707 Adyta
1007 1629 1161 1686 naturae
1176 1642 1243 1687 no·

67 1716 129 1787 bis
156 1714 197 1784 in
221 1728 416 1784 aeternum
431 1716 567 1804 clausa,
596 1741 665 1784 nec
687 1717 779 1810 quid
799 1719 991 1806 naturale,
1028 1720 1120 1813 quid
1145 1746 1234 1791 vero

68 1846 149 1890 non
178 1819 349 1889 naturale
374 1819 448 1907 sit,
490 1819 597 1888 lacilo
624 1821 743 1908 dices,
786 1848 904 1917 quum
936 1835 1070 1894 natura
1091 1826 1174 1917 ipsa
1199 1826 1242 1893 in

70 1937 268 1995 aeternum
282 1922 351 1993 tibi
370 1924 563 2016 incognita
578 1924 704 1993 sutura
721 1924 778 1991 sit.
815 1926 928 1993 erlino
944 1925 1083 1995 sactum
1101 1939 1168 2014 est,
1184 1938 1241 2015 ut,

69 2024 172 2125 quod
195 2028 355 2122 quisque
379 2029 459 2120 ipse
484 2026 614 2097 leserit
635 2036 812 2120 systema,
848 2027 889 2096 id
919 2030 1044 2099 credat
1069 2031 1240 2103 naturale

63 2136 232 2206 aliorum
258 2154 372 2225 opera
402 2155 593 2224 spernens.
633 2131 754 2201 ·Hinc
782 2133 1004 2202 methodum
1029 2136 1238 2205 naturalem

63 2240 111 2309 ab
129 2264 173 2309 ea
194 2238 398 2325 diversam,
427 2240 500 2330 qud
525 2236 645 2305 utitur
662 2237 725 2304 cls.
755 2239 807 2305 de
830 2237 1029 2326 Jussiezr,
1057 2239 1240 2333 proponit

59 2338 388 2433 Descendens,
417 2340 528 2409 aliam
553 2343 741 2410 Jeaume
760 2344 810 2408 de
827 2343 887 2409 St
903 2344 1096 2431 Hi‘lazra
1126 2343 1238 2413 aliam

68 2446 366 2530 Trattz'niclt,
396 2444 507 2513 aliam
530 2446 736 2534 Batsclr,
766 2445 830 2513 alii
857 2446 1126 2517 aliaslaudant.
1179 2450 1237 2517 at-

61 2576 150 2646 que,
179 2550 283 2647 quod
298 2574 384 2618 sane
400 2548 556 2637 mirum,
584 2549 705 2617 illud'
695 2575 840 2642 rpsum,
871 2553 972 2644 quod
990 2577 1127 2645 paucos
1148 2528 1278 2621 ante

62 2682 181 2725 annos
221 2666 378 2725 naturae
417 2665 709 2723 consentaneum
738 2654 797 2722 vel
830 2657 999 2725 naturale
1039 2656 1235 2726 videbatur

66 2760 294 2848 auctoribus,
322 2759 368 2827 ab
393 2758 484 2826 his.
473 2758 564 2852 rpsis
582 2759 688 2827 brevi
709 2769 794 2849 post
814 2769 856 2826 ut
871 2759 983 2853 longe
1001 2786 1022 2829 a
1039 2785 1126 2829 vero
1145 2760 1234 2828 alie·

63 2892 154 2935 num
172 2889 271 2936 novo
289 2875 541 2933 commutatur
565 2874 770 2956 systemate.
825 2861 904 2947 Sic,
934 2860 964 2930 si
987 2863 1152 2956 primam
1179 2888 1233 2957 sy-

58 2969 224 3039 stematis
251 2968 431 3036 naturalis
446 2968 491 3036 cl.
515 2966 569 3035 d'e
583 2968 764 3036 Jussr'eu
789 2962 994 3035 editionem
1013 2993 1098 3036 oum
1120 2968 1232 3036 innu-

54 3074 173 3146 meris
201 3071 516 3158 correctionibus,
556 3069 920 3165 permutationibus,
962 3071 1232 3157 additionibus,

54 3175 414 3271 transpositionibus
445 3174 566 3245 aviro
596 3174 782 3244 indefesso
811 3173 851 3241 in
880 3173 977 3244 Actis
1006 3173 1232 3244 Academicis

58 3279 239 3353 Parisinis
263 3279 419 3373 prolatis
444 3279 737 3374 comparaveris,
769 3303 904 3347 novam
929 3274 1043 3372 plane
1068 3278 1231 3371 speciem

56 3384 163 3455 illius
181 3384 386 3479 systematis
408 3383 577 3473 habebis,
607 3385 709 3479 quod
726 3395 810 3452 ante
829 3408 946 3452 annos
965 3382 1100 3477 viginti
1119 3394 1231 3452 natu-

56 3514 122 3560 rae
156 3488 320 3559 maxime
361 3502 652 3560 consentaneum
683 3485 761 3558 esse
805 3487 1010 3559 dicebatur.
1087 3487 1231 3556 Natura

51 3606 182 3666 tamen
195 3595 341 3665 intere'l
355 3592 489 3662 [aciem
506 3618 610 3662 suam
630 3618 706 3662 non
723 3586 948 3662 immutarit.
999 3594 1116 3686 Atque
1138 3591 1245 3661 base·

56 3718 135 3795 quo¹
188 3723 209 3770 e
234 3725 321 3768 non·
336 3697 472 3767 ultima
495 3698 747 3767 calamitatum
769 3708 840 3784 est,
868 3721 962 3791 quae
985 3707 1142 3790 systema
1165 3722 1228 3766 na·

52 3726 187 3875 turold¹
203 3816 404 3899 premunt,
447 3802 549 3897 quod
573 3803 702 3895 quovis
730 3799 808 3870 lere
831 3826 929 3871 novo
953 3825 1089 3894 genere
1117 3825 1230 3872 aurea
1280 3844 1290 3873 ι

11 3888 18 3905 ’
56 3906 121 3981 illa
144 3909 304 3981 Homeri
329 3920 456 3979 catena
472 3908 742 4001 disrumpatur,
772 3909 845 3999 qut
869 3930 1019 4000 genera,
1047 3903 1168 3974 tribus
1192 3913 1230 3972 et

54 4012 219 4085 familiae
235 4014 450 4109 plantarum
476 4013 516 4081 in
541 4012 643 4082 hisce
659 4010 920 4104 systematibus
938 4019 1227 4095 connectuntur,

56 4116 103 4193 ita
124 4130 169 4191 ut
193 4101 460 4215 pregrediente
484 4117 615 4213 quovis
636 4140 735 4185 anno
755 4114 928 4204 scientit,
957 4113 1086 4209 quovis
1108 4111 1227 4183 etiam
