2588 4792
520 120 565 136 '¹'
615 114 693 160 xm
744 121 789 136 ¹¹·

40 265 146 333 loco
160 261 423 356 posuerimus,
451 287 529 332 non
551 288 740 334 veremur.
793 263 899 332 'l’um
922 261 1024 333 enim
1045 265 1116 335 hac
1136 267 1176 335 in
1197 292 1241 337 re

55 368 275 463 plurimum
306 392 393 466 sane
426 368 720 460 peccavissemus
749 370 799 447 (S
786 380 948 460 ystema
974 371 1241 461 Vegetobr'ltirm

58 498 132 541 nos
157 472 324 540 edituros
347 473 547 564 promissi,
576 499 653 541 non
678 473 813 541 rudem
838 473 1139 568 indigestamque
1160 500 1241 543 mo-

58 578 163 657 lem)
186 600 215 644 s1
205 566 401 644 licuisset
420 601 489 669 per
509 578 597 645 deos
623 576 856 645 immortales
882 578 1022 669 species
1042 604 1240 671 nunquam

62 704 85 750 a
114 679 222 748 nobis
252 680 347 749 visas
373 680 500 749 debito
529 705 713 773 reponere
736 681 832 748 loco.
885 683 968 751 Jam
992 707 1081 751 vero
1108 683 1274 752 Critici

63 810 125 855 eas
149 784 390 855 definitiones
413 785 472 855 rel
495 785 712 878 diagnoses,
741 784 877 877 quibus
904 768 1140 855 characteres
1157 812 1239 879 spe-

62 889 208 959 c'ierum
228 912 412 957 novarum
437 888 484 957 ab
507 890 723 958 auctoribus
743 889 1121 979 circumscribuntur,
1152 916 1238 961 cum

58 993 121 1063 his
139 993 270 1062 sedulo
296 1006 525 1083 comparent,
551 993 689 1087 quibus
710 992 959 1085 speciesolim
973 992 1051 1090 jam
1067 993 1107 1062 in
1127 1006 1238 1088 syste·
1272 1079 1278 1089 ι

57 1110 162 1168 mate
189 1106 360 1190 receptae
380 1096 686 1191 distinguuntur,
714 1108 756 1181 et
782 1096 1001 1184 nobiscum,
1030 1118 1241 1195 speramus,

56 1202 238 1289 sentient,
267 1226 428 1295 quarum
447 1226 577 1271 rerum
601 1202 696 1271 ratio
711 1202 794 1270 data
814 1201 968 1289 nonsit,
998 1226 1058 1270 eas
1074 1202 1236 1272 invicem

59 1305 277 1399 comparari
309 1330 385 1373 non
415 1331 537 1398 posse.
617 1308 667 1375 Iis
699 1305 839 1398 igitur,
883 1305 948 1400 qui
984 1331 1096 1375 noras
1131 1306 1236 1375 novis

56 1409 340 1482 characteribus
358 1423 641 1502 proposuerunt
657 1410 810 1501 species,
837 1420 904 1479 aut
921 1435 1051 1479 omnes
1068 1410 1109 1477 in
1126 1423 1246 1519 syste-

55 1528 163 1585 mate
189 1525 406 1609 receptae
379 1514 616 1584 definitiones
644 1515 771 1583 habita
790 1539 988 1602 novorum,
1018 1515 1155 1608 quibus
1170 1540 1235 1583 no·

55 1646 123 1692 ras
143 1645 225 1688 suas
251 1602 460 1712 distingunt
478 1620 638 1713 species,
667 1619 924 1687 'characterum
949 1619 1094 1706 ratione
1118 1617 1236 1686 resor-

55 1725 221 1794 mandae
244 1722 413 1809 luissent,
442 1737 505 1794 aut
521 1724 691 1817 singulae
708 1722 845 1816 speciei
870 1747 987 1791 norae
1014 1724 1119 1791 locus
1146 1748 1236 1809 suus

56 1831 163 1898 inter
186 1826 326 1920 species
344 1825 422 1921 jam
441 1840 546 1896 notas
568 1820 764 1895 manifeste
782 1839 817 1895 et
832 1826 1118 1918 inperpetuum
1137 1826 1235 1894 indi·

61 1934 215 2003 candus.
271 1932 355 1999 Non
381 1931 486 1999 enim
503 1931 666 1999 nimium
681 1942 810 2021 petere
827 1930 936 1997 nobis
955 1930 1141 2015 videmur,
1168 1955 1235 2022 po·
1265 2004 1267 2009 ,

60 2037 255 2120 stulantes,
270 2047 325 2104 'ut
340 2035 488 2129 cuique,
507 2034 730 2128 'quinovam
747 2033 911 2127 speciem
927 2034 1133 2127 proponat,
1162 2036 1236 2103 Bo·

59 2141 190 2211 tanieo
211 2139 367 2233 'species
399 2137 476 2233 jam
514 2139 569 2207 in·
601 2150 795 2232 systemate
831 2138 1062 2231 descriptae,
1103 2138 1234 2208 saltem

59 2244 188 2340 quoad
212 2243 473 2331 definitiones,
502 2256 610 2312 notae
633 2243 718 2316 sint.
782 2234 916 2336 Neque
935 2243 1039 2331 fieri,
1070 2254 1111 2310 ut
1133 2244 1235 2313 vide-

56 2364 139 2443 tur,
165 2348 318 2469 poterit,
346 2346 438 2440 quin
465 2373 600 2429 novam
622 2346 740 2435 stiam,
768 2372 880 2441 quam
896 2346 1101 2433 invenerit,
1129 2348 1235 2439 plan-

56 2444 140 2525 tam
163 2453 204 2521 in
225 2463 418 2546 systemate
444 2477 626 2549 quaerens
645 2477 761 2519 unam
787 2452 1006 2538 alteramve,
1041 2475 1144 2543 quae
1169 2476 1237 2519 no

59 2582 130 2630 rae
154 2578 242 2627 suae
266 2581 356 2648 prae
371 2556 507 2625 ceteris
535 2557 580 2625 sit
603 2555 784 2641 similior,
811 2555 987 2647 reperiat.
1043 2557 1146 2623 Hanc
1168 2556 1235 2623 ita·

59 2688 137 2759 que
170 2658 412 2755 systematicis
445 2654 656 2729 monstrare
692 2660 939 2752 oportuisset,
986 2661 1061 2751 qud
1098 2660 1235 2727 certius

62 2766 278 2859 'rectiusque
298 2765 421 2833 abbis
438 2765 636 2857 suapcssit
654 2763 829 2832 collocari
847 2764 945 2831 sede.
1001 2763 1116 2831 Nulla
1132 2762 1235 2832 enim

60 2895 217 2965 prorsus
235 2869 429 2964 speciebus
440 2870 544 2938 novis
559 2867 759 2964 subjuncta
772 2863 951 2937 affinitate
963 2867 1236 2935 characterum·
1255 2936 1262 2971 μ

61 3001 137 3071 que
154 2976 353 3067 hucusque
375 2975 634 3044 adhibitorum
650 2973 756 3040 nulla
767 2971 808 3039 in
824 2971 928 3039 novis
946 2971 1084 3064 plantis
1107 2971 1237 3041 habiti

57 3080 223 3202 ratione,
250 3104 364 3147 nemo
388 3104 488 3167 sane,
516 3079 580 3173 qui
603 3076 698 3146 has
674 3100 769 3197 ,¹P⁸.⁰
790 3101 867 3143 non
889 3076 1087 3163 viderit,'‘
1061 3101 1108 3143 ns
1126 3076 1236 3144 suum

58 3186 104 3253 in
120 3183 331 3295 specierum
352 3184 447 3253 serie
463 3184 591 3252 locum
614 3181 801 3275 assignare
817 3181 966 3274 poterit.
1021 3182 1048 3247 Α
1065 3192 1237 3272 systema·

64 3288 149 3357 ticis
165 3313 254 3358 vero
269 3299 422 3380 petere,
449 3299 492 3356 ut
509 3286 649 3380 species
668 3309 797 3354 omnes
821 3284 1039 3354 novissimas
1067 3294 1107 3371 et
1126 3278 1236 3353 rarii·

64 3392 179 3462 simas
198 3392 275 3467 suis
296 3391 369 3484 ips1
360 3390 548 3460 'viderint
572 3391 715 3478 oculis,
731 3414 867 3483 aquam
887 3401 941 3458 est
964 3386 1152 3479 epumice
1171 3413 1237 3480 po·

60 3494 218 3567 'stulare
274 3494 462 3564 Monendi
480 3520 569 3591 ergo
594 3519 746 3581 omnes,
782 3494 847 3587 qui
868 3516 981 3562 novas
1007 3492 1124 3583 primi
1150 3518 1237 3584 pro·

61 3600 229 3697 posituri
245 3599 319 3669 sint
333 3601 492 3693 plantas,
515 3614 570 3687 ut,
587 3622 773 3669 memores
792 3598 910 3699 futuri
927 3596 1139 3690 specierum
1155 3623 1237 3666 suas

62 3729 153 3775 rum
174 3705 216 3774 in
231 3717 425 3807 systemate
440 3703 527 3793 loci,
555 3705 654 3775 inter
671 3702 810 3796 species
829 3703 869 3769 in
886 3715 1079 3797 systemate
1090 3701 1237 3799 jamne·

66 3816 190 3903 cepta's
207 3833 291 3878 eam
307 3808 488 3896 indicent,
518 3834 738 3903 quaenovae
757 3808 802 3874 ab
819 3807 909 3899 ipsis
927 3808 1142 3902 propositae
1159 3832 1236 3877 ma·

64 3914 167 3989 xime
188 3913 236 3983 sit
254 3913 389 3983 affinis.
443 3914 520 3983 Nos
544 3940 656 3984 novas
676 3912 816 4008 species
835 3913 927 3983 calci
949 3912 1075 4006 potius
1099 3911 1237 4006 specie·

66 4042 153 4088 rum
172 4018 284 4097 seriei
306 4018 586 4116 subjungendo,
613 4042 726 4113 quam
740 4028 881 4087 temere
896 4017 979 4085 illas
993 4018 1237 4108 interponan-

68 4124 116 4194 do
134 4124 487 4197 nostra-maluimus
508 4122 675 4220 ingenue
690 4122 861 4193 confiteri
883 4121 1021 4208 dubia,
1048 4142 1236 4213 quam-ex·
