2588 4792
539 290 792 337 “vn-

63 437 248 511 centuriis
265 438 393 511 dissita
415 451 563 533 praesto
582 441 677 532 sint3
706 465 794 510 cum
815 440 1038 534 praesertim
1063 465 1142 511 non
1165 452 1247 513 tan·

63 558 149 615 turn
172 547 219 614 de
233 570 285 614 eo
308 555 452 638 agatur,
476 545 569 640 quid
585 545 650 614 ille
667 544 749 639 ipse
763 545 914 633 viderit,
940 546 1005 615 sed
1020 538 1066 615 de
1088 571 1133 617 eo
1153 570 1245 641 quo-

65 675 164 745 que,
193 649 284 742 qrfid
305 636 377 718 alii
393 649 461 717 illo
480 649 587 743 prius
604 649 786 739 viderint3
815 675 901 720 cum
930 650 1095 744 denique
1120 651 1246 721 dicen·

65 756 164 823 dum
183 753 239 838 sit,
268 753 351 848 quis
369 753 516 846 primus
533 755 650 853 harpe,
679 755 725 824 de
751 780 824 847 qua
849 754 1041 848 loquitur,
1075 755 1244 847 plantam

44 877 48 886 ·
66 856 216 943 viderit,
239 857 323 950 quis
342 854 648 951 descriptionem3
664 858 748 953 quis
768 858 919 927 iconem
935 859 1120 955 optimam
1137 861 1246 953 plan-

68 973 128 1031 tae
157 985 245 1030 suae
277 961 425 1031 dederit
463 974 527 1032 aut
559 988 645 1035 cum
678 960 761 1031 aliis
791 987 898 1031 susm
932 963 1242 1055 commutaverit3

65 1067 161 1135 haec
185 1088 272 1133 cum
293 1065 346 1137 ita
369 1066 455 1154 sint,
484 1067 699 1137 exhibituro
724 1066 860 1137 nostris
875 1067 1111 1161 temporibus
1136 1068 1245 1161 plan.-

63 1182 193 1239 tarum
226 1182 468 1263 conspectum
496 1169 662 1244 subsidia
686 1171 856 1266 undique
883 1172 1121 1265 congerendo
1144 1181 1244 1241 sunt.
1273 1200 1277 1207 ·

64 1276 147 1343 Hae
169 1298 286 1371 porro
307 1274 541 1343 difficultates
565 1300 610 1344 eo
631 1275 778 1369 gravius
803 1287 1016 1368 premunt-2
1032 1300 1151 1368 quum
1174 1299 1246 1345 nee

60 1378 172 1471 ipsis,
199 1388 243 1445 ut
255 1377 415 1464 videtur,
445 1378 563 1448 oculis
580 1380 671 1449 fides
684 1380 858 1449 habenda
874 1379 934 1449 sit.
970 1379 1124 1449 Fallunt
1139 1378 1245 1453 enim

61 1508 147 1552 non
183 1493 329 1551 tantum
359 1481 566 1574 specimina
593 1483 707 1573 sicca,
753 1489 862 1576 saepe
888 1484 987 1554 male
1010 1480 1149 1554 siccata
1179 1493 1246 1553 aut

61 1611 200 1656 manca
216 1598 280 1655 aut
301 1586 375 1656 alio
391 1588 505 1657 modo
523 1586 667 1675 vitiosa,
692 1588 757 1657 sed
780 1589 893 1659 etiam
915 1588 998 1681 ipsa
1009 1588 1118 1676 viva,·
1131 1587 1184 1657 ita
1201 1597 1246 1655 ut

60 1691 160 1761 haut
174 1715 259 1759 raro
284 1690 447 1778 eveniat,
482 1703 524 1760 ut
550 1691 759 1785 gravissimi
781 1692 824 1761 in
839 1692 1025 1763 Botanioa
1048 1691 1120 1761 riri
1146 1692 1245 1761 hane

60 1795 216 1863 illamve
239 1789 406 1887 plantam
427 1819 544 1865 novae
565 1796 703 1888 speciei
730 1796 840 1865 titulo
863 1796 906 1865 in
924 1794 1096 1866 medium
1119 1794 1245 1888 prole·

60 1909 164 1985 rant,
190 1898 234 1966 de
255 1924 329 1993 qua
344 1899 437 1991 ipsis
456 1911 585 1992 postea
605 1899 770 1994 ingenue
789 1901 1046 1970 confitendum
1069 1900 1129 1987 sit,
1158 1924 1244 1969 eam

40 2002 126 2085 ‘vix
159 2027 237 2071 esse
269 2003 486 2073 varietatem
518 2003 756 2099 speciei-jam
780 2004 872 2073 olim
896 2018 1020 2075 notae.
1090 2004 1244 2075 Genera

66 2105 298 2194 omittimus,
327 2130 447 2202 quum
467 2118 599 2175 natura
618 2107 700 2209 ipsa
715 2130 854 2200 genera
869 2102 945 2183 non
964 2106 1242 2200 procreaverit:

62 2209 219 2279 fortasse
242 2236 310 2279 nec
333 2210 488 2304 species,
516 2209 622 2280 facile
647 2210 807 2297 dixeris,
830 2210 867 2279 si
888 2212 937 2283 ad
954 2211 1055 2281 rixas
1071 2211 1160 2281 istas
1188 2209 1244 2281 di·

59 2313 232 2385 vissimas
258 2314 599 2411 B‘otanicorumde
630 2340 674 2384 eo
704 2315 939 2403 adtendens,
976 2316 1079 2408 quod
1101 2314 1244 2408 species

59 2419 178 2510 vulgo
196 2419 270 2487 dici
286 2420 397 2510 solet;
426 2432 658 2515 quas-'tamen
675 2420 771 2489 rixas
787 2419 895 2489 facile
913 2421 1052 2509 solues,
1075 2419 1127 2506 si,
1151 2442 1244 2515 quas
1262 2434 1265 2441 ’

58 2525 198 2614 species
217 2523 427 2611 nominant,
440 2521 601 2616 formos
614 2524 774 2612 dixeris,
802 2522 941 2592 formas
970 2547 1109 2615 nempe
1133 2525 1241 2617 plan·
1280 2536 1288 2553 ⁸

60 2641 191 2697 tarum
214 2627 376 2713 marimo
408 2629 593 2699 solemnes
620 2641 730 2722 atque
754 2626 933 2697 distinctu
959 2626 1098 2697 faciles.
1168 2629 1243 2697 llas

60 2733 168 2801 enim
182 2726 321 2801 sormas
335 2731 408 2823 levi
423 2733 576 2825 negotio
586 2758 716 2801 omnes
727 2731 1009 2825 distinguimus,
1027 2733 1098 2803 rire
1113 2732 1164 2801 ad
1180 2753 1242 2805 eas

47 2836 209 2934 attenti,
238 2836 378 2928 species
404 2862 493 2906 vero
515 2862 592 2906 non
607 2837 713 2905 item.
770 2837 902 2929 Neque
929 2836 1032 2905 enim
1056 2860 1244 2929 unquans,

67 2965 113 3009 an
137 2936 301 3013 huic'vel
323 2940 383 3009 illi
398 2941 561 3033 plantae,
590 2966 703 3036 quam
727 2939 810 3035 quis
835 2952 877 3009 ut
906 2940 1097 3033 specimen
1112 2952 1244 3033 protu-

65 3044 178 3132 lerit,
206 3043 297 3113 solia
321 3044 412 3132 sint,
441 3070 473 3113 e.
496 3070 527 3114 c.
549 3057 677 3132 ovata„
702 3055 884 3115 certatum
899 3046 953 3114 est
976 3044 1075 3113 inter
1090 3043 1244 3114 Botani·

62 3175 140 3237 cos,
168 3148 234 3217 sed
248 3172 296 3217 an
318 3150 447 3241 planta
464 3149 570 3237 haec,
598 3175 693 3243 quae
712 3147 927 3217 nuncloliis
954 3147 1068 3235 oratis
1082 3149 1159 3218 visa
1175 3158 1242 3236 est,
1278 3138 1285 3169 ’“

61 3280 105 3322 re
129 3257 218 3323 vert
243 3251 416 3323 distincta
440 3253 488 3322 sit
513 3280 533 3323 a
559 3253 754 3328 simillima
782 3252 874 3339 alia,
912 3253 972 3341 cui
993 3262 1119 3323 autem
1151 3250 1243 3322 solis

59 3357 283 3429 lanceolata.
337 3357 485 3452 Ecquid
498 3384 541 3428 ex
556 3368 659 3427 tanto
677 3358 909 3427 calamorum
929 3357 1081 3450 proelio
1102 3356 1241 3435 redun-

65 3463 129 3529 dat
142 3461 251 3548 lucri,
281 3484 369 3529 cum
400 3460 559 3533 sufficiat
582 3462 676 3532 scire
706 3460 797 3530 huic
818 3460 920 3531 illive
949 3461 1101 3552 plantes
1132 3458 1266 3528 solio·'

64 3590 154 3633 rum
176 3564 341 3634 formam
355 3590 458 3633 nunc
482 3578 641 3653 oratam,
669 3591 769 3637 nunc
784 3565 1030 3637 lanceolatam
1048 3589 1139 3656 prae
1163 3587 1242 3633 eae·

61 3669 154 3747 teris
170 3668 397 3741 familiarem
424 3692 522 3757 esse,
550 3669 766 3763 formasque
786 3670 854 3739 h'as
883 3667 992 3739 certis
1018 3667 1240 3741 nominihus

63 3773 279 3869 distingui?
341 3773 470 3841 Modov
496 3773 633 3843 formas
658 3775 874 3866 plantarum
907 3783 1006 3843 recte
1033 3773 1242 3866 distingues

63 3891 177 3973 atque
198 3880 252 3950 ita
273 3874 480 3964 describas,
515 3888 570 3947 ut'
585 3878 691 3951 focile
715 3879 885 3973 plantae,
915 3877 974 3947 'de
1000 3903 1074 3971 qua
1095 3877 1241 3967 scribis,
1272 3898 1276 3917 ¹

63 3983 188 4053 forma
205 3995 426 4079 agnoscatur
442 3981 487 4051 ah
504 3982 698 4052 omnibus:
729 3994 872 4067 caetera
890 3979 997 4052 mitte
1015 3981 1135 4053 Divis.

170 4087 280 4159 Hisce
312 4084 491 4186 angustiis
522 4086 615 4157 aliae
638 4093 790 4181 quoque
823 4086 1115 4181 superveniunt,
1151 4109 1240 4180 qua·

63 4216 151 4261 rum
173 4190 300 4285 prima
317 4192 372 4260 est
394 4191 551 4263 obscura
572 4189 638 4267 illa
659 4205 695 4261 ct
717 4190 879 4261 sortibus
898 4191 1040 4261 oraculi
1060 4188 1240 4285 Delphici

64 4297 168 4365 houd
199 4319 285 4363 raro
313 4294 475 4365 minime
508 4295 692 4365 absimilis
725 4295 1130 4394 brevitasdiagnoseos
1158 4319 1239 4381 seu,
