2588 4792
535 107 768 153 ..u-

53 261 233 347 leonem,
260 257 476 354 dignoscas,
503 260 905 354 verbis-pepercimus,
930 261 1105 333 'nolentes
1120 260 1162 330 in
1181 260 1238 331 lu·

53 390 147 436 cum
169 364 275 458 ligna
299 363 413 434 serre.
538 456 542 463 Ι

166 469 433 563 synonymiae,
480 480 665 564 quantum
694 495 765 564 per
797 470 874 540 otia
903 469 1014 543 licuit
1035 482 1147 565 atque
1169 494 1237 539 no·

57 587 228 659 strorum
259 585 297 643 et
317 572 508 643 librorum
535 587 572 645 et
595 575 862 645 herbariorum
893 575 1061 668 copiam,
1098 574 1237 645 amico·

58 703 224 772 rumque
246 677 410 766 monita,
439 679 606 772 gnaviter
624 680 794 773 undique
818 680 1071 768 contulimus,
1100 706 1169 750 nec
1186 692 1238 749 ts·

59 808 150 853 men
171 795 313 852 temere
339 783 459 877 'spatio
483 783 698 871 abutentes,
726 810 797 854 nec
820 797 878 854 ter
901 785 1007 855 denis
1029 784 1153 855 verbis
1181 784 1238 851 in·

58 900 182 982 tegras
201 886 403 979 implentes
429 888 608 982 paginas,
645 900 688 957 ut
719 890 866 981 saepius
895 890 937 957 in
965 890 1237 959 Botanieorum

56 991 284 1087 synonymia
311 991 450 1065 sactum
479 992 674 1079 videmus,-
699 993 802 1061 unde
831 1005 962 1061 utrum
987 995 1089 1088 nigri
1114 993 1238 1063 albine

56 1098 149 1192 plus
171 1097 296 1165 inesse
319 1097 427 1165 libris
450 1095 635 1169 botanicis
660 1122 763 1165 nune
784 1098 920 1183 soleat,
955 1097 1055 1167 serio
1080 1098 1237 1191 quidam

56 1226 188 1293 nuper
203 1200 461 1295 interrogavit.
524 1202 601 1271 Ubi
628 1226 697 1270 nec
726 1201 920 1293 adspectus
946 1224 1015 1269 nos
1037 1189 1237 1288 educebat,

54 1330 133 1379 nec
156 1292 392 1375 summorum
416 1305 586 1375 virorum
613 1305 812 1382 auctoritas
835 1305 1007 1375 sufficere
1024 1306 1237 1393 videbatur,

56 1410 226 1480 dubium
263 1408 394 1478 saltem
422 1409 582 1478 movisse
611 1409 775 1506 juvabat.
844 1412 965 1480 Janua
997 1410 1127 1498 enim,
1169 1432 1241 1502 per

58 1538 179 1608 quam
195 1513 242 1581 ad
263 1512 426 1583 veritatis
445 1514 597 1607 adytum
615 1514 675 1583 via
695 1514 819 1601 ducit,
847 1514 984 1608 scepsis
1003 1528 1059 1586 est
1081 1527 1118 1584 et
1139 1513 1239 1610 judi·

56 1619 113 1688 cii
133 1617 348 1710 suspensio,
376 1632 510 1711 (quam
527 1618 665 1712 signo?
693 1617 976 1711 expressimus).
1033 1620 1071 1688 Si
1086 1619 1180 1715 quid
1197 1619 1239 1686 in

56 1721 296 1817 synonymiis
310 1721 558 1815 peccavimus,
579 1714 775 1794 'excusabit
789 1749 857 1792 nos
873 1722 970 1793 sorte
988 1722 1098 1813 illud,
1123 1722 1239 1816 quod,

59 1827 96 1897 si
113 1826 259 1895 diversa
275 1827 422 1896 averiis
441 1828 670 1916 auctoribus,
688 1828 753 1921 qui
771 1827 904 1896 eodem
918 1840 1090 1920 tempore
1103 1827 1240 1919 scripta

63 1957 135 2001 sua
153 1930 348 2000 ediderant
369 1955 447 1999 sese
469 1930 632 1999 invicem
654 1932 893 2025 ignorantes,
921 1931 1079 2001 nomina
1101 1929 1240 2024 plantis

62 2035 188 2105 indita
202 2035 405 2128 exceperis,
435 2046 576 2105 ceterae
591 2059 633 2103 ex
650 2059 757 2105 mero
769 2034 844 2105 sint
860 2059 989 2127 errore
1004 2034 1240 2130 progenitae,

60 2140 143 2227 sive
169 2138 438 2233 homonymiae
462 2139 536 2209 sint
564 2140 696 2209 eodem
724 2140 880 2208 nomine
907 2139 1070 2210 diversas
1094 2140 1240 2234 plantas

60 2244 354 2336 complectentes
370 2266 389 2331 ,·
415 2244 489 2313 sive
517 2245 821 2337 heteronymiae,
857 2245 1240 2340 unamreandemque

57 2350 232 2443 plantam
250 2347 403 2431 diuersis
421 2348 639 2419 nominibus
665 2349 885 2431 indicantes.

170 2453 229 2521 De
240 2452 471 2547 synonymiis
487 2453 578 2522 haee
593 2452 732 2522 valent:
761 2453 828 2522 ubi
845 2455 973 2545 planta
984 2465 1066 2523 tuto
1083 2465 1119 2523 et
1132 2452 1240 2523 facile

62 2555 251 2650 distingui
265 2557 382 2650 possit
403 2569 439 2627 et
471 2557 516 2625 ab
542 2558 719 2626 omnibus
747 2569 942 2644 noscatur,
971 2557 1027 2625 ibi
1051 2557 1157 2625 nulla
1186 2568 1241 2626 est

57 2658 290 2756 ¹synonymia
305 2686 376 2730 nec
398 2662 714 2756 homonyma-nec
728 2663 992 2756 heteronyma,
1021 2661 1240 2755 ubicunque

66 2791 155 2835 vero
170 2766 300 2859 planta
323 2777 386 2857 aut
402 2791 473 2859 per
485 2792 524 2835 se
549 2767 624 2834 sive
638 2766 830 2835 fallacibus
846 2767 945 2835 notis
965 2776 1001 2833 et
1017 2763 1241 2834 difficiliori·

67 2870 139 2939 bus
157 2870 235 2941 sive
259 2870 409 2940 raritate
433 2875 500 2941 sud
524 2871 640 2940 dubia
666 2872 735 2958 sit,
776 2882 839 2940 aut
862 2896 933 2963 per
955 2883 1125 2941 auctores
1147 2867 1243 2938 sacta

63 2976 184 3044 dubia
203 2975 281 3043 sire
303 2974 412 3044 icone
438 2974 513 3044 sive
537 2974 789 3067 descriptione
818 2975 945 3043 minus
971 2975 1158 3067 perfectis,
1185 2971 1242 3041 ibi

63 3082 199 3148 decem
222 3090 258 3147 et
271 3078 370 3147 ultra
388 3104 466 3147 non
490 3104 576 3148 raro
601 3079 768 3148 invenies
792 3080 1057 3172 synonymias,
1100 3077 1240 3148 erroris

63 3184 156 3252 lieet
171 3183 268 3252 filias
290 3207 433 3271 omnes.
460 3222 504 3236 -
553 3185 705 3253 Etenim
722 3183 752 3252 si
770 3183 856 3271 ille,
884 3182 950 3277 qui
971 3184 1118 3275 primus
1135 3182 1240 3274 plan-

67 3300 146 3356 tam
155 3311 223 3379 per
236 3311 277 3359 se,
290 3286 445 3354 dubiam
462 3287 678 3358 etsallaeem
695 3288 954 3380 descripserat,
970 3312 1100 3356 omnes
1115 3287 1239 3357 eidem
1254 3316 1260 3323 ·

67 3391 307 3461 inhaerentes
343 3389 504 3461 fallacias
541 3393 791 3491 exposuisset,
835 3392 900 3486 qui
940 3392 1125 3461 secundus
1155 3401 1241 3484 post

65 3497 184 3566 illum·
195 3508 368 3583 venerat,
398 3494 439 3563 in
459 3496 588 3567 eadem
608 3497 767 3568 minime
790 3497 974 3588 potuisset
999 3520 1144 3585 errare,
1172 3520 1240 3564 nee

63 3601 201 3697 tertius
221 3600 327 3671 etsie
352 3622 481 3694 porro.
534 3606 651 3697 Atque
668 3602 733 3671 tali
750 3602 895 3670 ratione
912 3623 981 3667 nec
1001 3626 1077 3670 una
1094 3601 1240 3671 eadem·
1264 3634 1267 3641 ·

67 3707 286 3800 queplanta
301 3706 369 3775 sub
395 3703 615 3777 nominibus
636 3708 828 3776 interdum
848 3706 977 3774 decem
1007 3707 1240 3798 totidemque

67 3809 313 3906 diagnosibus
330 3810 485 3881 diversis
500 3810 690 3904 designata
705 3812 856 3901 suisset,
875 3821 943 3880 nec
968 3812 1063 3879 duae
1082 3822 1144 3879 aut
1166 3821 1238 3877 tres

70 3917 238 3986 diversae
256 3915 324 3982 sub
344 3940 422 3984 uno
441 3916 648 4009 eodemque
662 3915 818 3991 nomine
834 3916 981 4008 saepius
1001 3916 1102 4007 apud
1116 3914 1237 3987 varios

69 4026 241 4091 auctores
265 4018 499 4090 delituissent
523 4021 676 4113 speeies.
735 4019 774 4088 Si
798 4018 840 4087 in
867 4032 994 4089 nostra
1017 4018 1135 4114 igitur
1163 4016 1238 4084 edi-

71 4127 175 4197 tione
204 4148 323 4195 unam
345 4125 582 4219 eandemque
605 4127 772 4219 plantam
800 4123 928 4195 forsan
952 4122 1013 4195 bis
1039 4121 1236 4194 autetiam
