<?xml version="1.0" encoding="UTF-8"?>
<!DOCTYPE html PUBLIC "-//W3C//DTD XHTML 1.0 Transitional//EN"
    "http://www.w3.org/TR/xhtml1/DTD/xhtml1-transitional.dtd">
<html xmlns="http://www.w3.org/1999/xhtml" xml:lang="en" lang="en">
 <head>
  <title>
</title>
<meta http-equiv="Content-Type" content="text/html;charset=utf-8" />
  <meta name='ocr-system' content='tesseract 3.04.00' />
  <meta name='ocr-capabilities' content='ocr_page ocr_carea ocr_par ocr_line ocrx_word'/>
</head>
<body>
  <div class='ocr_page' id='page_1' title='image "./carolialinnsyst05spregoog_0131.png"; bbox 0 0 2700 4794; ppageno 0'>
   <div class='ocr_carea' id='block_1_1' title="bbox 114 240 1346 370">
    <p class='ocr_par' dir='ltr' id='par_1_1' title="bbox 114 240 1346 370">
     <span class='ocr_line' id='line_1_1' title="bbox 114 240 1346 370; baseline -0.029 -14"><span class='ocrx_word' id='word_1_1' title='bbox 114 280 157 370; x_wconf 71' lang='grc' dir='ltr'>φ</span> <span class='ocrx_word' id='word_1_2' title='bbox 318 240 328 321; x_wconf 73' lang='grc' dir='ltr'>Ϊ</span> <span class='ocrx_word' id='word_1_3' title='bbox 435 262 660 345; x_wconf 72' lang='lat' dir='ltr'><strong>ulianam.</strong></span> <span class='ocrx_word' id='word_1_4' title='bbox 702 278 985 346; x_wconf 80' lang='lat' dir='ltr'><strong>uouocrum.</strong></span> <span class='ocrx_word' id='word_1_5' title='bbox 1129 276 1346 351; x_wconf 44' lang='lat' dir='ltr'><strong>veronen,</strong></span> 
     </span>
    </p>
   </div>
   <div class='ocr_carea' id='block_1_2' title="bbox 112 447 1346 622">
    <p class='ocr_par' dir='ltr' id='par_1_2' title="bbox 112 447 1346 622">
     <span class='ocr_line' id='line_1_2' title="bbox 115 447 1346 537; baseline 0.003 -25"><span class='ocrx_word' id='word_1_6' title='bbox 115 463 194 534; x_wconf 80' lang='lat' dir='ltr'><strong>gute</strong></span> <span class='ocrx_word' id='word_1_7' title='bbox 231 447 449 534; x_wconf 79' lang='lat' dir='ltr'><strong>inaequaliter</strong></span> <span class='ocrx_word' id='word_1_8' title='bbox 484 447 619 511; x_wconf 81' lang='lat' dir='ltr'><strong>serratis</strong></span> <span class='ocrx_word' id='word_1_9' title='bbox 651 448 901 532; x_wconf 81' lang='lat' dir='ltr'><strong>glabriusculis,</strong></span> <span class='ocrx_word' id='word_1_10' title='bbox 938 448 1086 512; x_wconf 87' lang='lat' dir='ltr'><strong>corollae</strong></span> <span class='ocrx_word' id='word_1_11' title='bbox 1108 450 1188 514; x_wconf 91' lang='lat' dir='ltr'><strong>tubo</strong></span> <span class='ocrx_word' id='word_1_12' title='bbox 1211 451 1313 537; x_wconf 82' lang='lat' dir='ltr'><strong>duplo</strong></span> <span class='ocrx_word' id='word_1_13' title='bbox 1343 458 1346 485; x_wconf 86' lang='lat'>¹</span> 
     </span>
     <span class='ocr_line' id='line_1_3' title="bbox 112 531 1346 622; baseline -0.012 -26"><span class='ocrx_word' id='word_1_14' title='bbox 112 533 265 622; x_wconf 73' lang='lat' dir='ltr'><strong>longiore</strong></span> <span class='ocrx_word' id='word_1_15' title='bbox 288 533 399 614; x_wconf 77' lang='lat' dir='ltr'><strong>calyce</strong></span> <span class='ocrx_word' id='word_1_16' title='bbox 419 531 558 595; x_wconf 90' lang='lat' dir='ltr'><strong>minimo</strong></span> <span class='ocrx_word' id='word_1_17' title='bbox 579 532 753 615; x_wconf 82' lang='lat' dir='ltr'><strong>inaequali.</strong></span> <span class='ocrx_word' id='word_1_18' title='bbox 792 556 795 561; x_wconf 93' lang='lat'><em>·</em></span> <span class='ocrx_word' id='word_1_19' title='bbox 1302 566 1307 577; x_wconf 93' lang='lat'>.</span> <span class='ocrx_word' id='word_1_20' title='bbox 1344 554 1346 581; x_wconf 68' lang='grc' dir='ltr'>ι</span> 
     </span>
    </p>
   </div>
   <div class='ocr_carea' id='block_1_3' title="bbox 106 638 1346 1045">
    <p class='ocr_par' dir='ltr' id='par_1_3' title="bbox 151 638 1346 877">
     <span class='ocr_line' id='line_1_4' title="bbox 151 638 1313 727; baseline 0 -24"><span class='ocrx_word' id='word_1_21' title='bbox 151 648 187 703; x_wconf 90' lang='lat' dir='ltr'><strong>In</strong></span> <span class='ocrx_word' id='word_1_22' title='bbox 209 648 271 703; x_wconf 90' lang='lat' dir='ltr'><strong>olla</strong></span> <span class='ocrx_word' id='word_1_23' title='bbox 292 644 390 703; x_wconf 77' lang='lat' dir='ltr'><strong>cultae</strong></span> <span class='ocrx_word' id='word_1_24' title='bbox 410 644 531 717; x_wconf 76' lang='lat' dir='ltr'><strong>plantae</strong></span> <span class='ocrx_word' id='word_1_25' title='bbox 551 643 645 701; x_wconf 88' lang='lat' dir='ltr'><strong>caulis</strong></span> <span class='ocrx_word' id='word_1_26' title='bbox 671 638 820 727; x_wconf 53' lang='lat' dir='ltr'><strong>1-{&#39;ped.,</strong></span> <span class='ocrx_word' id='word_1_27' title='bbox 848 647 1182 724; x_wconf 87' lang='lat' dir='ltr'><strong>superne·pubesccns;</strong></span> <span class='ocrx_word' id='word_1_28' title='bbox 1202 646 1313 719; x_wconf 85' lang='lat' dir='ltr'><strong>petioli</strong></span> 
     </span>
     <span class='ocr_line' id='line_1_5' title="bbox 188 716 1346 803; baseline 0 -19"><span class='ocrx_word' id='word_1_29' title='bbox 188 729 295 791; x_wconf 82' lang='lat' dir='ltr'><strong>eiliati.</strong></span> <span class='ocrx_word' id='word_1_30' title='bbox 336 724 424 781; x_wconf 86' lang='lat' dir='ltr'><strong>Folia</strong></span> <span class='ocrx_word' id='word_1_31' title='bbox 443 725 588 803; x_wconf 77' lang='lat' dir='ltr'><strong>quaedam</strong></span> <span class='ocrx_word' id='word_1_32' title='bbox 609 738 639 782; x_wconf 88' lang='lat' dir='ltr'><strong>ct</strong></span> <span class='ocrx_word' id='word_1_33' title='bbox 656 726 856 783; x_wconf 82' lang='lat' dir='ltr'><strong>eune&#39;isormia</strong></span> <span class='ocrx_word' id='word_1_34' title='bbox 876 725 1024 798; x_wconf 76' lang='lat' dir='ltr'><strong>subinde,</strong></span> <span class='ocrx_word' id='word_1_35' title='bbox 1052 726 1216 802; x_wconf 85' lang='lat' dir='ltr'><strong>&#39;superiora</strong></span> <span class='ocrx_word' id='word_1_36' title='bbox 1243 728 1313 793; x_wconf 86' lang='lat' dir='ltr'><strong>den·</strong></span> <span class='ocrx_word' id='word_1_37' title='bbox 1344 716 1346 751; x_wconf 63' lang='lat'>³</span> 
     </span>
     <span class='ocr_line' id='line_1_6' title="bbox 188 798 1346 877; baseline -0.002 -19"><span class='ocrx_word' id='word_1_38' title='bbox 188 800 270 860; x_wconf 82' lang='lat' dir='ltr'><strong>tibus</strong></span> <span class='ocrx_word' id='word_1_39' title='bbox 291 802 378 877; x_wconf 83' lang='lat' dir='ltr'><strong>apice</strong></span> <span class='ocrx_word' id='word_1_40' title='bbox 398 800 542 870; x_wconf 81' lang='lat' dir='ltr'><strong>r&#39;ubellis3</strong></span> <span class='ocrx_word' id='word_1_41' title='bbox 562 802 705 856; x_wconf 78' lang='lat' dir='ltr'><strong>bracteae</strong></span> <span class='ocrx_word' id='word_1_42' title='bbox 723 811 875 867; x_wconf 76' lang='lat' dir='ltr'><strong>setacea03</strong></span> <span class='ocrx_word' id='word_1_43' title='bbox 903 802 1067 875; x_wconf 80' lang='lat' dir='ltr'><strong>p&#39;edunc&#39;uli</strong></span> <span class='ocrx_word' id='word_1_44' title='bbox 1088 799 1197 873; x_wconf 85' lang='lat' dir='ltr'><strong>calycis</strong></span> <span class='ocrx_word' id='word_1_45' title='bbox 1215 800 1268 867; x_wconf 87' lang='lat' dir='ltr'><strong>lon</strong></span> <span class='ocrx_word' id='word_1_46' title='bbox 1291 803 1317 856; x_wconf 73' lang='lat' dir='ltr'><strong>i·</strong></span> <span class='ocrx_word' id='word_1_47' title='bbox 1344 798 1346 865; x_wconf 70' lang='grc' dir='ltr'><strong>ἓ</strong></span> 
     </span>
    </p>

    <p class='ocr_par' dir='ltr' id='par_1_4' title="bbox 106 820 1346 955">
     <span class='ocr_line' id='line_1_7' title="bbox 106 820 1346 955; baseline -0.005 -24"><span class='ocrx_word' id='word_1_48' title='bbox 106 874 124 935; x_wconf 54' lang='lat' dir='ltr'>s</span> <span class='ocrx_word' id='word_1_49' title='bbox 187 877 293 932; x_wconf 89' lang='lat' dir='ltr'><strong>tudine</strong></span> <span class='ocrx_word' id='word_1_50' title='bbox 312 876 362 930; x_wconf 84' lang='lat' dir='ltr'><strong>rix</strong></span> <span class='ocrx_word' id='word_1_51' title='bbox 383 872 487 954; x_wconf 52' lang='grc' dir='ltr'><strong>μία,</strong></span> <span class='ocrx_word' id='word_1_52' title='bbox 506 875 728 947; x_wconf 77' lang='lat' dir='ltr'><strong>pubescentes,</strong></span> <span class='ocrx_word' id='word_1_53' title='bbox 754 876 904 955; x_wconf 13' lang='lat' dir='ltr'><strong>utpphylla</strong></span> <span class='ocrx_word' id='word_1_54' title='bbox 927 877 1048 950; x_wconf 76' lang='lat' dir='ltr'><strong>calycis.</strong></span> <span class='ocrx_word' id='word_1_55' title='bbox 1095 873 1225 933; x_wconf 82' lang='lat' dir='ltr'><strong>Corolla</strong></span> <span class='ocrx_word' id='word_1_56' title='bbox 1247 820 1312 932; x_wconf 77' lang='lat' dir='ltr'><strong>talu.</strong></span> <span class='ocrx_word' id='word_1_57' title='bbox 1343 882 1346 919; x_wconf 69' lang='grc' dir='ltr'>ἔ</span> 
     </span>
    </p>

    <p class='ocr_par' dir='ltr' id='par_1_5' title="bbox 138 955 1346 1045">
     <span class='ocr_line' id='line_1_8' title="bbox 138 955 1346 1045; baseline -0.004 -29"><span class='ocrx_word' id='word_1_58' title='bbox 138 976 142 982; x_wconf 83' lang='grc'><strong>’</strong></span> <span class='ocrx_word' id='word_1_59' title='bbox 186 959 271 1030; x_wconf 86' lang='lat' dir='ltr'><strong>cina,</strong></span> <span class='ocrx_word' id='word_1_60' title='bbox 291 958 366 1014; x_wconf 88' lang='lat' dir='ltr'><strong>tubo</strong></span> <span class='ocrx_word' id='word_1_61' title='bbox 391 959 496 1035; x_wconf 52' lang='lat' dir='ltr'><strong>afflin.</strong></span> <span class='ocrx_word' id='word_1_62' title='bbox 516 955 621 1030; x_wconf 77' lang='lat' dir='ltr'><strong>longo.</strong></span> <span class='ocrx_word' id='word_1_63' title='bbox 661 956 1041 1045; x_wconf 47' lang='lat' dir='ltr'><strong>capsulae-obruimus,</strong></span> <span class='ocrx_word' id='word_1_64' title='bbox 1062 958 1191 1033; x_wconf 83' lang='lat' dir='ltr'><strong>pilosae.</strong></span> <span class='ocrx_word' id='word_1_65' title='bbox 1231 963 1267 1021; x_wconf 66' lang='lat'><strong>2.</strong></span> <span class='ocrx_word' id='word_1_66' title='bbox 1301 968 1307 989; x_wconf 91' lang='grc'><strong>··</strong></span> <span class='ocrx_word' id='word_1_67' title='bbox 1344 980 1346 993; x_wconf 59' lang='lat'>1</span> 
     </span>
    </p>
   </div>
   <div class='ocr_carea' id='block_1_4' title="bbox 103 1062 1346 1401">
    <p class='ocr_par' dir='ltr' id='par_1_6' title="bbox 103 1062 1346 1401">
     <span class='ocr_line' id='line_1_9' title="bbox 124 1062 1346 1160; baseline 0.007 -28"><span class='ocrx_word' id='word_1_68' title='bbox 124 1102 128 1113; x_wconf 52' lang='grc' dir='ltr'><strong><em>ι</em></strong></span> <span class='ocrx_word' id='word_1_69' title='bbox 193 1075 245 1138; x_wconf 73' lang='lat'><strong>32.</strong></span> <span class='ocrx_word' id='word_1_70' title='bbox 288 1078 328 1140; x_wconf 87' lang='lat' dir='ltr'><strong>V.</strong></span> <span class='ocrx_word' id='word_1_71' title='bbox 352 1068 532 1155; x_wconf 66' lang='lat' dir='ltr'><strong>erussffoliu</strong></span> <span class='ocrx_word' id='word_1_72' title='bbox 553 1067 653 1150; x_wconf 75' lang='lat' dir='ltr'><strong>ltit.;</strong></span> <span class='ocrx_word' id='word_1_73' title='bbox 684 1074 775 1136; x_wconf 82' lang='lat' dir='ltr'><strong>foliis</strong></span> <span class='ocrx_word' id='word_1_74' title='bbox 797 1077 959 1160; x_wconf 84' lang='lat' dir='ltr'><strong>oppositis</strong></span> <span class='ocrx_word' id='word_1_75' title='bbox 982 1062 1346 1155; x_wconf 45' lang='lat' dir='ltr'><strong>ovato-lanceolam]</strong></span> 
     </span>
     <span class='ocr_line' id='line_1_10' title="bbox 110 1155 1346 1243; baseline 0.003 -23"><span class='ocrx_word' id='word_1_76' title='bbox 110 1158 145 1220; x_wconf 91' lang='lat' dir='ltr'><strong>iu</strong></span> <span class='ocrx_word' id='word_1_77' title='bbox 165 1159 326 1243; x_wconf 82' lang='lat' dir='ltr'><strong>petiolum</strong></span> <span class='ocrx_word' id='word_1_78' title='bbox 349 1155 621 1231; x_wconf 80' lang='lat' dir='ltr'><strong>decurrentibus,</strong></span> <span class='ocrx_word' id='word_1_79' title='bbox 645 1157 932 1242; x_wconf 74' lang='lat' dir='ltr'><strong>conjugationibus</strong></span> <span class='ocrx_word' id='word_1_80' title='bbox 954 1159 1112 1230; x_wconf 85' lang='lat' dir='ltr'><strong>remotis,</strong></span> <span class='ocrx_word' id='word_1_81' title='bbox 1135 1159 1308 1224; x_wconf 78' lang='lat' dir='ltr'><strong>inferiori·</strong></span> <span class='ocrx_word' id='word_1_82' title='bbox 1343 1166 1346 1229; x_wconf 80' lang='lat' dir='ltr'>j</span> 
     </span>
     <span class='ocr_line' id='line_1_11' title="bbox 108 1239 1307 1386; baseline 0.005 -83"><span class='ocrx_word' id='word_1_83' title='bbox 108 1239 172 1305; x_wconf 88' lang='lat' dir='ltr'><strong>bus</strong></span> <span class='ocrx_word' id='word_1_84' title='bbox 194 1243 354 1317; x_wconf 83' lang='lat' dir='ltr'><strong>arenatis,</strong></span> <span class='ocrx_word' id='word_1_85' title='bbox 377 1240 603 1327; x_wconf 85' lang='lat' dir='ltr'><strong>superioribus</strong></span> <span class='ocrx_word' id='word_1_86' title='bbox 625 1239 870 1386; x_wconf 54' lang='lat' dir='ltr'><strong>inteperrimis,</strong></span> <span class='ocrx_word' id='word_1_87' title='bbox 897 1244 998 1329; x_wconf 88' lang='lat' dir='ltr'><strong>spicis</strong></span> <span class='ocrx_word' id='word_1_88' title='bbox 1016 1242 1307 1308; x_wconf 88' lang='lat' dir='ltr'><strong>terminalibus&#39;so·</strong></span> 
     </span>
     <span class='ocr_line' id='line_1_12' title="bbox 103 1322 773 1401; baseline 0 -12"><span class='ocrx_word' id='word_1_89' title='bbox 103 1324 229 1391; x_wconf 78' lang='lat' dir='ltr'><strong>&#39;litaniis</strong></span> <span class='ocrx_word' id='word_1_90' title='bbox 251 1327 412 1401; x_wconf 80' lang='lat' dir='ltr'><strong>ternisve,</strong></span> <span class='ocrx_word' id='word_1_91' title='bbox 435 1322 571 1387; x_wconf 87' lang='lat' dir='ltr'><strong>corollis</strong></span> <span class='ocrx_word' id='word_1_92' title='bbox 594 1325 690 1386; x_wconf 88' lang='lat' dir='ltr'><strong>orchi</strong></span> <span class='ocrx_word' id='word_1_93' title='bbox 715 1327 773 1389; x_wconf 86' lang='lat' dir='ltr'><strong>eis.</strong></span> 
     </span>
    </p>
   </div>
   <div class='ocr_carea' id='block_1_5' title="bbox 102 1436 1307 1948">
    <p class='ocr_par' dir='ltr' id='par_1_7' title="bbox 102 1436 1307 1948">
     <span class='ocr_line' id='line_1_13' title="bbox 102 1436 1307 1514; baseline 0.002 -20"><span class='ocrx_word' id='word_1_94' title='bbox 102 1478 105 1483; x_wconf 85' lang='lat'>-</span> <span class='ocrx_word' id='word_1_95' title='bbox 143 1439 250 1496; x_wconf 72' lang='lat' dir='ltr'><strong>Affinis</strong></span> <span class='ocrx_word' id='word_1_96' title='bbox 265 1444 303 1497; x_wconf 83' lang='lat' dir='ltr'><strong>V.</strong></span> <span class='ocrx_word' id='word_1_97' title='bbox 311 1441 510 1508; x_wconf 74' lang='lat' dir='ltr'><strong>amethysteae.</strong></span> <span class='ocrx_word' id='word_1_98' title='bbox 538 1436 638 1494; x_wconf 72' lang='lat' dir='ltr'><strong>carrlia</strong></span> <span class='ocrx_word' id='word_1_99' title='bbox 659 1439 836 1514; x_wconf 73' lang='lat' dir='ltr'><strong>s-bpetlalis</strong></span> <span class='ocrx_word' id='word_1_100' title='bbox 850 1439 1031 1508; x_wconf 84' lang='lat' dir='ltr'><strong>ascendens,</strong></span> <span class='ocrx_word' id='word_1_101' title='bbox 1044 1440 1139 1494; x_wconf 83' lang='lat' dir='ltr'><strong>ruber</strong></span> <span class='ocrx_word' id='word_1_102' title='bbox 1148 1440 1244 1509; x_wconf 79' lang='lat' dir='ltr'><strong>3folia</strong></span> <span class='ocrx_word' id='word_1_103' title='bbox 1259 1442 1307 1497; x_wconf 87' lang='lat' dir='ltr'><strong>de·</strong></span> 
     </span>
     <span class='ocr_line' id='line_1_14' title="bbox 184 1512 1306 1588; baseline 0.002 -19"><span class='ocrx_word' id='word_1_104' title='bbox 184 1515 299 1587; x_wconf 87' lang='lat' dir='ltr'><strong>scripta</strong></span> <span class='ocrx_word' id='word_1_105' title='bbox 314 1515 474 1570; x_wconf 86' lang='lat' dir='ltr'><strong>carnosula</strong></span> <span class='ocrx_word' id='word_1_106' title='bbox 488 1512 592 1569; x_wconf 77' lang='lat' dir='ltr'><strong>subtus</strong></span> <span class='ocrx_word' id='word_1_107' title='bbox 605 1513 869 1587; x_wconf 85' lang='lat' dir='ltr'><strong>subpubescentia,</strong></span> <span class='ocrx_word' id='word_1_108' title='bbox 885 1524 942 1573; x_wconf 61' lang='lat' dir='ltr'><strong>adt</strong></span> <span class='ocrx_word' id='word_1_109' title='bbox 956 1524 990 1568; x_wconf 90' lang='lat' dir='ltr'><strong>ut</strong></span> <span class='ocrx_word' id='word_1_110' title='bbox 1000 1514 1306 1588; x_wconf 83' lang='lat' dir='ltr'><strong>plurimumparibus.</strong></span> 
     </span>
     <span class='ocr_line' id='line_1_15' title="bbox 181 1587 1305 1664; baseline 0.001 -19"><span class='ocrx_word' id='word_1_111' title='bbox 181 1589 512 1662; x_wconf 72' lang='lat' dir='ltr'><strong>Spicaeunipedaleset</strong></span> <span class='ocrx_word' id='word_1_112' title='bbox 524 1587 614 1641; x_wconf 86' lang='lat' dir='ltr'><strong>ultra.</strong></span> <span class='ocrx_word' id='word_1_113' title='bbox 635 1588 724 1662; x_wconf 87' lang='lat' dir='ltr'><strong>Calyx</strong></span> <span class='ocrx_word' id='word_1_114' title='bbox 736 1593 917 1664; x_wconf 83' lang='lat' dir='ltr'><strong>pubescens,</strong></span> <span class='ocrx_word' id='word_1_115' title='bbox 925 1588 1100 1662; x_wconf 80' lang='lat' dir='ltr'><strong>inaequalia,</strong></span> <span class='ocrx_word' id='word_1_116' title='bbox 1109 1588 1305 1661; x_wconf 82' lang='lat' dir='ltr'><strong>quadrifidus,</strong></span> 
     </span>
     <span class='ocr_line' id='line_1_16' title="bbox 181 1658 1304 1737; baseline 0.001 -20"><span class='ocrx_word' id='word_1_117' title='bbox 181 1662 302 1718; x_wconf 86' lang='lat' dir='ltr'><strong>laciniis</strong></span> <span class='ocrx_word' id='word_1_118' title='bbox 324 1685 338 1718; x_wconf 79' lang='lat'>2</span> <span class='ocrx_word' id='word_1_119' title='bbox 366 1661 578 1736; x_wconf 87' lang='lat' dir='ltr'><strong>superioribus</strong></span> <span class='ocrx_word' id='word_1_120' title='bbox 604 1662 991 1737; x_wconf 79' lang='lat' dir='ltr'><strong>longioribus3&#39;bracteae</strong></span> <span class='ocrx_word' id='word_1_121' title='bbox 1016 1658 1239 1736; x_wconf 69' lang='lat' dir='ltr'><strong>pubescentes,</strong></span> <span class='ocrx_word' id='word_1_122' title='bbox 1268 1665 1304 1718; x_wconf 90' lang='lat' dir='ltr'><strong>ci-</strong></span> 
     </span>
     <span class='ocr_line' id='line_1_17' title="bbox 179 1736 1303 1810; baseline 0 -18"><span class='ocrx_word' id='word_1_123' title='bbox 179 1737 291 1805; x_wconf 88' lang='lat' dir='ltr'><strong>liatae,</strong></span> <span class='ocrx_word' id='word_1_124' title='bbox 324 1755 428 1793; x_wconf 89' lang='lat' dir='ltr'><strong>omnes</strong></span> <span class='ocrx_word' id='word_1_125' title='bbox 448 1738 549 1807; x_wconf 77' lang='lat' dir='ltr'><strong>calyce</strong></span> <span class='ocrx_word' id='word_1_126' title='bbox 574 1736 741 1810; x_wconf 82' lang='lat' dir='ltr'><strong>longiores.</strong></span> <span class='ocrx_word' id='word_1_127' title='bbox 781 1741 853 1795; x_wconf 88' lang='lat' dir='ltr'><strong>Cor.</strong></span> <span class='ocrx_word' id='word_1_128' title='bbox 883 1737 1021 1792; x_wconf 89' lang='lat' dir='ltr'><strong>violacea</strong></span> <span class='ocrx_word' id='word_1_129' title='bbox 1043 1737 1215 1809; x_wconf 77' lang='lat' dir='ltr'><strong>a-partita,</strong></span> <span class='ocrx_word' id='word_1_130' title='bbox 1236 1739 1303 1793; x_wconf 88' lang='lat' dir='ltr'><strong>laci-</strong></span> 
     </span>
     <span class='ocr_line' id='line_1_18' title="bbox 180 1810 1305 1888; baseline 0 -21"><span class='ocrx_word' id='word_1_131' title='bbox 180 1812 240 1867; x_wconf 90' lang='lat' dir='ltr'><strong>niis</strong></span> <span class='ocrx_word' id='word_1_132' title='bbox 261 1811 440 1867; x_wconf 71' lang='lat' dir='ltr'><strong>contortis·</strong></span> <span class='ocrx_word' id='word_1_133' title='bbox 462 1811 554 1883; x_wconf 77' lang='lat' dir='ltr'><strong>Caps-¹</strong></span> <span class='ocrx_word' id='word_1_134' title='bbox 571 1812 760 1883; x_wconf 87' lang='lat' dir='ltr'><strong>pubescens,</strong></span> <span class='ocrx_word' id='word_1_135' title='bbox 782 1810 1075 1888; x_wconf 82' lang='lat' dir='ltr'><strong>globoso-cordata.</strong></span> <span class='ocrx_word' id='word_1_136' title='bbox 1116 1813 1239 1868; x_wconf 85' lang='lat' dir='ltr'><strong>Semina</strong></span> <span class='ocrx_word' id='word_1_137' title='bbox 1251 1813 1305 1867; x_wconf 88' lang='lat' dir='ltr'><strong>ful·</strong></span> 
     </span>
     <span class='ocr_line' id='line_1_19' title="bbox 180 1886 657 1948; baseline -0.004 -6"><span class='ocrx_word' id='word_1_138' title='bbox 180 1903 228 1942; x_wconf 82' lang='lat' dir='ltr'><strong>va.</strong></span> <span class='ocrx_word' id='word_1_139' title='bbox 247 1886 353 1941; x_wconf 68' lang='lat' dir='ltr'><strong>Affinis</strong></span> <span class='ocrx_word' id='word_1_140' title='bbox 372 1889 411 1942; x_wconf 92' lang='lat' dir='ltr'><strong>V.</strong></span> <span class='ocrx_word' id='word_1_141' title='bbox 432 1886 586 1940; x_wconf 76' lang='lat' dir='ltr'><strong>orchideae.</strong></span> <span class='ocrx_word' id='word_1_142' title='bbox 623 1891 657 1948; x_wconf 77' lang='lat' dir='ltr'><strong>li.</strong></span> 
     </span>
    </p>
   </div>
   <div class='ocr_carea' id='block_1_6' title="bbox 104 1990 1302 2414">
    <p class='ocr_par' dir='ltr' id='par_1_8' title="bbox 104 1990 1302 2332">
     <span class='ocr_line' id='line_1_20' title="bbox 186 1990 1302 2078; baseline -0.007 -17"><span class='ocrx_word' id='word_1_143' title='bbox 186 1997 241 2061; x_wconf 82' lang='grc'><strong>33.</strong></span> <span class='ocrx_word' id='word_1_144' title='bbox 282 2000 321 2060; x_wconf 89' lang='lat' dir='ltr'><strong>V:</strong></span> <span class='ocrx_word' id='word_1_145' title='bbox 346 1992 518 2055; x_wconf 74' lang='lat' dir='ltr'><strong>ruthenico</strong></span> <span class='ocrx_word' id='word_1_146' title='bbox 537 1990 578 2054; x_wconf 88' lang='lat' dir='ltr'><strong>H.</strong></span> <span class='ocrx_word' id='word_1_147' title='bbox 600 1991 759 2056; x_wconf 81' lang='lat' dir='ltr'><strong>vindob.</strong></span> <span class='ocrx_word' id='word_1_148' title='bbox 768 2014 781 2071; x_wconf 86' lang='lat'><em>3</em></span> <span class='ocrx_word' id='word_1_149' title='bbox 802 1994 889 2059; x_wconf 85' lang='lat' dir='ltr'><strong>foliis</strong></span> <span class='ocrx_word' id='word_1_150' title='bbox 918 1994 1080 2078; x_wconf 84' lang='lat' dir='ltr'><strong>oppositis</strong></span> <span class='ocrx_word' id='word_1_151' title='bbox 1110 1992 1302 2054; x_wconf 75' lang='lat' dir='ltr'><strong>orato-&#39;lan-</strong></span> 
     </span>
     <span class='ocr_line' id='line_1_21' title="bbox 104 2077 1302 2164; baseline -0.003 -20"><span class='ocrx_word' id='word_1_152' title='bbox 104 2080 243 2145; x_wconf 80' lang='lat' dir='ltr'><strong>ceolatis</strong></span> <span class='ocrx_word' id='word_1_153' title='bbox 273 2082 492 2164; x_wconf 80' lang='lat' dir='ltr'><strong>inaequaliter</strong></span> <span class='ocrx_word' id='word_1_154' title='bbox 524 2080 672 2154; x_wconf 83' lang='lat' dir='ltr'><strong>serratis,</strong></span> <span class='ocrx_word' id='word_1_155' title='bbox 712 2079 856 2143; x_wconf 80' lang='lat' dir='ltr'><strong>bracteis</strong></span> <span class='ocrx_word' id='word_1_156' title='bbox 879 2080 1071 2141; x_wconf 88' lang='lat' dir='ltr'><strong>lanceolatis</strong></span> <span class='ocrx_word' id='word_1_157' title='bbox 1093 2077 1302 2159; x_wconf 79' lang='lat' dir='ltr'><strong>longitudine</strong></span> 
     </span>
     <span class='ocr_line' id='line_1_22' title="bbox 105 2160 1301 2247; baseline -0.004 -20"><span class='ocrx_word' id='word_1_158' title='bbox 105 2166 226 2246; x_wconf 87' lang='lat' dir='ltr'><strong>oalycia</strong></span> <span class='ocrx_word' id='word_1_159' title='bbox 256 2210 265 2241; x_wconf 90' lang='lat'><strong>,</strong></span> <span class='ocrx_word' id='word_1_160' title='bbox 291 2166 402 2245; x_wconf 87' lang='lat' dir='ltr'><strong>calyce</strong></span> <span class='ocrx_word' id='word_1_161' title='bbox 416 2168 595 2247; x_wconf 61' lang='lat' dir='ltr'><strong>¹lp-partito</strong></span> <span class='ocrx_word' id='word_1_162' title='bbox 617 2164 803 2247; x_wconf 84' lang='lat' dir='ltr'><strong>inaequali,</strong></span> <span class='ocrx_word' id='word_1_163' title='bbox 843 2164 972 2226; x_wconf 89' lang='lat' dir='ltr'><strong>laciniis</strong></span> <span class='ocrx_word' id='word_1_164' title='bbox 996 2160 1301 2244; x_wconf 81' lang='lat' dir='ltr'><strong>orato-oblongis,</strong></span> 
     </span>
     <span class='ocr_line' id='line_1_23' title="bbox 106 2239 1302 2332; baseline -0.006 -21"><span class='ocrx_word' id='word_1_165' title='bbox 106 2268 144 2313; x_wconf 85' lang='lat' dir='ltr'><strong>ca</strong></span> <span class='ocrx_word' id='word_1_166' title='bbox 170 2249 241 2310; x_wconf 79' lang='lat' dir='ltr'><strong>suli</strong></span> <span class='ocrx_word' id='word_1_167' title='bbox 277 2249 391 2332; x_wconf 73' lang='lat' dir='ltr'><strong>glabri</strong></span> <span class='ocrx_word' id='word_1_168' title='bbox 425 2250 535 2328; x_wconf 76' lang='lat' dir='ltr'><strong>calyce</strong></span> <span class='ocrx_word' id='word_1_169' title='bbox 567 2246 664 2328; x_wconf 91' lang='lat' dir='ltr'><strong>paulo</strong></span> <span class='ocrx_word' id='word_1_170' title='bbox 695 2248 820 2328; x_wconf 86' lang='lat' dir='ltr'><strong>majori.</strong></span> <span class='ocrx_word' id='word_1_171' title='bbox 950 2242 1076 2306; x_wconf 86' lang='lat' dir='ltr'><strong>Colitur</strong></span> <span class='ocrx_word' id='word_1_172' title='bbox 1105 2239 1251 2303; x_wconf 73' lang='lat' dir='ltr'><strong>Viennae</strong></span> <span class='ocrx_word' id='word_1_173' title='bbox 1272 2252 1302 2305; x_wconf 82' lang='lat' dir='ltr'><strong>et</strong></span> 
     </span>
    </p>

    <p class='ocr_par' dir='ltr' id='par_1_9' title="bbox 150 2328 1301 2414">
     <span class='ocr_line' id='line_1_24' title="bbox 150 2328 1301 2414; baseline 0 -23"><span class='ocrx_word' id='word_1_174' title='bbox 150 2329 296 2414; x_wconf 85' lang='lat' dir='ltr'><strong>onspelii.</strong></span> <span class='ocrx_word' id='word_1_175' title='bbox 340 2330 462 2393; x_wconf 82' lang='lat' dir='ltr'><strong>Affinis</strong></span> <span class='ocrx_word' id='word_1_176' title='bbox 485 2339 641 2410; x_wconf 81' lang='lat' dir='ltr'><strong>argutae,</strong></span> <span class='ocrx_word' id='word_1_177' title='bbox 664 2328 724 2390; x_wconf 87' lang='lat' dir='ltr'><strong>sed</strong></span> <span class='ocrx_word' id='word_1_178' title='bbox 745 2331 826 2391; x_wconf 84' lang='lat' dir='ltr'><strong>l&#39;olia</strong></span> <span class='ocrx_word' id='word_1_179' title='bbox 849 2330 889 2393; x_wconf 89' lang='lat' dir='ltr'><strong>ad</strong></span> <span class='ocrx_word' id='word_1_180' title='bbox 907 2331 1035 2414; x_wconf 89' lang='lat' dir='ltr'><strong>apicem</strong></span> <span class='ocrx_word' id='word_1_181' title='bbox 1044 2348 1148 2412; x_wconf 90' lang='lat' dir='ltr'><strong>usque</strong></span> <span class='ocrx_word' id='word_1_182' title='bbox 1168 2338 1301 2391; x_wconf 82' lang='lat' dir='ltr'><strong>serrata.</strong></span> 
     </span>
    </p>
   </div>
   <div class='ocr_carea' id='block_1_7' title="bbox 176 2453 1346 3772">
    <p class='ocr_par' dir='ltr' id='par_1_10' title="bbox 176 2453 1346 3772">
     <span class='ocr_line' id='line_1_25' title="bbox 176 2453 1301 2508; baseline -0.003 -12"><span class='ocrx_word' id='word_1_183' title='bbox 176 2454 205 2496; x_wconf 81' lang='lat' dir='ltr'><strong>ln</strong></span> <span class='ocrx_word' id='word_1_184' title='bbox 224 2463 291 2496; x_wconf 83' lang='lat' dir='ltr'><strong>tauto</strong></span> <span class='ocrx_word' id='word_1_185' title='bbox 310 2455 486 2496; x_wconf 81' lang='lat' dir='ltr'><strong>Veronioerum</strong></span> <span class='ocrx_word' id='word_1_186' title='bbox 507 2453 601 2508; x_wconf 75' lang='lat' dir='ltr'><strong>agmine</strong></span> <span class='ocrx_word' id='word_1_187' title='bbox 620 2453 735 2506; x_wconf 76' lang='lat' dir='ltr'><strong>hybridae</strong></span> <span class='ocrx_word' id='word_1_188' title='bbox 756 2455 1036 2508; x_wconf 80' lang='lat' dir='ltr'><strong>intercurrerespeoies‚</strong></span> <span class='ocrx_word' id='word_1_189' title='bbox 1059 2453 1167 2507; x_wconf 82' lang='lat' dir='ltr'><strong>inprimis</strong></span> <span class='ocrx_word' id='word_1_190' title='bbox 1185 2453 1209 2493; x_wconf 89' lang='lat' dir='ltr'><strong>iu</strong></span> <span class='ocrx_word' id='word_1_191' title='bbox 1227 2453 1301 2505; x_wconf 64' lang='lat' dir='ltr'><strong>legio·</strong></span> 
     </span>
     <span class='ocr_line' id='line_1_26' title="bbox 211 2527 1301 2582; baseline -0.003 -12"><span class='ocrx_word' id='word_1_192' title='bbox 211 2542 242 2570; x_wconf 88' lang='lat' dir='ltr'><strong>ne</strong></span> <span class='ocrx_word' id='word_1_193' title='bbox 261 2529 432 2581; x_wconf 74' lang='lat' dir='ltr'><strong>spicatarum,</strong></span> <span class='ocrx_word' id='word_1_194' title='bbox 467 2527 580 2582; x_wconf 86' lang='lat' dir='ltr'><strong>relpost</strong></span> <span class='ocrx_word' id='word_1_195' title='bbox 602 2529 633 2569; x_wconf 83' lang='lat' dir='ltr'><strong>el.</strong></span> <span class='ocrx_word' id='word_1_196' title='bbox 660 2527 852 2569; x_wconf 71' lang='lat' dir='ltr'><strong>Sauream·</strong></span> <span class='ocrx_word' id='word_1_197' title='bbox 882 2530 978 2570; x_wconf 85' lang='lat' dir='ltr'><strong>labores</strong></span> <span class='ocrx_word' id='word_1_198' title='bbox 1007 2528 1145 2569; x_wconf 74' lang='lat' dir='ltr'><strong>indolence</strong></span> <span class='ocrx_word' id='word_1_199' title='bbox 1182 2527 1301 2568; x_wconf 82' lang='lat' dir='ltr'><strong>indubita-</strong></span> 
     </span>
     <span class='ocr_line' id='line_1_27' title="bbox 211 2600 1300 2658; baseline -0.005 -12"><span class='ocrx_word' id='word_1_200' title='bbox 211 2611 261 2646; x_wconf 85' lang='lat' dir='ltr'><strong>tum</strong></span> <span class='ocrx_word' id='word_1_201' title='bbox 279 2603 348 2647; x_wconf 83' lang='lat' dir='ltr'><strong>nobis</strong></span> <span class='ocrx_word' id='word_1_202' title='bbox 369 2604 472 2646; x_wconf 83' lang='lat' dir='ltr'><strong>ridetur.</strong></span> <span class='ocrx_word' id='word_1_203' title='bbox 510 2601 573 2642; x_wconf 79' lang='lat' dir='ltr'><strong>Hine</strong></span> <span class='ocrx_word' id='word_1_204' title='bbox 594 2616 643 2644; x_wconf 91' lang='lat' dir='ltr'><strong>non</strong></span> <span class='ocrx_word' id='word_1_205' title='bbox 662 2615 735 2656; x_wconf 83' lang='lat' dir='ltr'><strong>perro</strong></span> <span class='ocrx_word' id='word_1_206' title='bbox 755 2604 952 2658; x_wconf 73' lang='lat' dir='ltr'><strong>praemio‘uobis</strong></span> <span class='ocrx_word' id='word_1_207' title='bbox 973 2603 1059 2658; x_wconf 68' lang='lat' dir='ltr'><strong>dignus</strong></span> <span class='ocrx_word' id='word_1_208' title='bbox 1081 2601 1217 2649; x_wconf 84' lang='lat' dir='ltr'><strong>rideretur,</strong></span> <span class='ocrx_word' id='word_1_209' title='bbox 1245 2600 1300 2654; x_wconf 86' lang='lat' dir='ltr'><strong>qui,</strong></span> 
     </span>
     <span class='ocr_line' id='line_1_28' title="bbox 214 2664 1302 2733; baseline -0.002 -14"><span class='ocrx_word' id='word_1_210' title='bbox 214 2679 313 2720; x_wconf 78' lang='lat' dir='ltr'><strong>collatis</strong></span> <span class='ocrx_word' id='word_1_211' title='bbox 338 2679 443 2733; x_wconf 81' lang='lat' dir='ltr'><strong>undique</strong></span> <span class='ocrx_word' id='word_1_212' title='bbox 463 2664 637 2722; x_wconf 80' lang='lat' dir='ltr'><strong>Veroniearum</strong></span> <span class='ocrx_word' id='word_1_213' title='bbox 658 2677 789 2719; x_wconf 84' lang='lat' dir='ltr'><strong>seminibus</strong></span> <span class='ocrx_word' id='word_1_214' title='bbox 797 2680 821 2726; x_wconf 82' lang='lat'><strong>,¹</strong></span> <span class='ocrx_word' id='word_1_215' title='bbox 842 2679 898 2720; x_wconf 87' lang='lat' dir='ltr'><strong>illas</strong></span> <span class='ocrx_word' id='word_1_216' title='bbox 924 2691 967 2732; x_wconf 86' lang='lat' dir='ltr'><strong>per</strong></span> <span class='ocrx_word' id='word_1_217' title='bbox 993 2689 1068 2718; x_wconf 84' lang='lat' dir='ltr'><strong>anuos</strong></span> <span class='ocrx_word' id='word_1_218' title='bbox 1098 2675 1181 2730; x_wconf 86' lang='lat' dir='ltr'><strong>plures</strong></span> <span class='ocrx_word' id='word_1_219' title='bbox 1204 2674 1259 2719; x_wconf 84' lang='lat' dir='ltr'><strong>eolo</strong></span> <span class='ocrx_word' id='word_1_220' title='bbox 1280 2680 1302 2717; x_wconf 76' lang='lat' dir='ltr'><strong>et</strong></span> 
     </span>
     <span class='ocr_line' id='line_1_29' title="bbox 212 2749 1301 2805; baseline -0.003 -11"><span class='ocrx_word' id='word_1_221' title='bbox 212 2755 320 2795; x_wconf 81' lang='lat' dir='ltr'><strong>statione</strong></span> <span class='ocrx_word' id='word_1_222' title='bbox 340 2754 443 2794; x_wconf 85' lang='lat' dir='ltr'><strong>diversis</strong></span> <span class='ocrx_word' id='word_1_223' title='bbox 461 2759 554 2794; x_wconf 80' lang='lat' dir='ltr'><strong>sereret</strong></span> <span class='ocrx_word' id='word_1_224' title='bbox 572 2751 727 2805; x_wconf 83' lang='lat' dir='ltr'><strong>coleretque,</strong></span> <span class='ocrx_word' id='word_1_225' title='bbox 755 2761 783 2793; x_wconf 85' lang='lat' dir='ltr'><strong>ut</strong></span> <span class='ocrx_word' id='word_1_226' title='bbox 801 2753 894 2795; x_wconf 85' lang='lat' dir='ltr'><strong>demum</strong></span> <span class='ocrx_word' id='word_1_227' title='bbox 914 2752 945 2793; x_wconf 84' lang='lat' dir='ltr'><strong>ad</strong></span> <span class='ocrx_word' id='word_1_228' title='bbox 965 2759 1043 2794; x_wconf 82' lang='lat' dir='ltr'><strong>sertas</strong></span> <span class='ocrx_word' id='word_1_229' title='bbox 1061 2749 1212 2802; x_wconf 84' lang='lat' dir='ltr'><strong>stabilesque</strong></span> <span class='ocrx_word' id='word_1_230' title='bbox 1232 2749 1301 2791; x_wconf 86' lang='lat' dir='ltr'><strong>redu·</strong></span> 
     </span>
     <span class='ocr_line' id='line_1_30' title="bbox 214 2825 1302 2882; baseline -0.006 -14"><span class='ocrx_word' id='word_1_231' title='bbox 214 2828 236 2868; x_wconf 85' lang='lat' dir='ltr'><strong>ci</strong></span> <span class='ocrx_word' id='word_1_232' title='bbox 254 2829 352 2882; x_wconf 76' lang='lat' dir='ltr'><strong>possint</strong></span> <span class='ocrx_word' id='word_1_233' title='bbox 371 2828 474 2881; x_wconf 83' lang='lat' dir='ltr'><strong>speeies.</strong></span> <span class='ocrx_word' id='word_1_234' title='bbox 514 2827 624 2875; x_wconf 83' lang='lat' dir='ltr'><strong>Interea,</strong></span> <span class='ocrx_word' id='word_1_235' title='bbox 646 2827 691 2867; x_wconf 88' lang='lat' dir='ltr'><strong>sub</strong></span> <span class='ocrx_word' id='word_1_236' title='bbox 710 2834 758 2867; x_wconf 81' lang='lat' dir='ltr'><strong>tani</strong></span> <span class='ocrx_word' id='word_1_237' title='bbox 778 2828 877 2877; x_wconf 89' lang='lat' dir='ltr'><strong>multis,</strong></span> <span class='ocrx_word' id='word_1_238' title='bbox 900 2837 961 2881; x_wconf 84' lang='lat' dir='ltr'><strong>quae</strong></span> <span class='ocrx_word' id='word_1_239' title='bbox 980 2839 1024 2868; x_wconf 91' lang='lat' dir='ltr'><strong>nos</strong></span> <span class='ocrx_word' id='word_1_240' title='bbox 1042 2825 1082 2865; x_wconf 86' lang='lat' dir='ltr'><strong>hie</strong></span> <span class='ocrx_word' id='word_1_241' title='bbox 1101 2828 1228 2878; x_wconf 83' lang='lat' dir='ltr'><strong>premunt,</strong></span> <span class='ocrx_word' id='word_1_242' title='bbox 1260 2825 1302 2866; x_wconf 75' lang='lat' dir='ltr'><strong>du.</strong></span> 
     </span>
     <span class='ocr_line' id='line_1_31' title="bbox 211 2897 1300 2957; baseline -0.002 -16"><span class='ocrx_word' id='word_1_243' title='bbox 211 2903 276 2949; x_wconf 83' lang='lat' dir='ltr'><strong>biis,</strong></span> <span class='ocrx_word' id='word_1_244' title='bbox 299 2903 385 2945; x_wconf 78' lang='lat' dir='ltr'><strong>melius</strong></span> <span class='ocrx_word' id='word_1_245' title='bbox 404 2904 483 2944; x_wconf 85' lang='lat' dir='ltr'><strong>risum</strong></span> <span class='ocrx_word' id='word_1_246' title='bbox 503 2908 545 2943; x_wconf 77' lang='lat' dir='ltr'><strong>est</strong></span> <span class='ocrx_word' id='word_1_247' title='bbox 560 2912 700 2957; x_wconf 80' lang='lat' dir='ltr'><strong>enumerare</strong></span> <span class='ocrx_word' id='word_1_248' title='bbox 720 2902 815 2955; x_wconf 85' lang='lat' dir='ltr'><strong>speeies</strong></span> <span class='ocrx_word' id='word_1_249' title='bbox 834 2903 871 2943; x_wconf 87' lang='lat' dir='ltr'><strong>sie</strong></span> <span class='ocrx_word' id='word_1_250' title='bbox 892 2902 970 2943; x_wconf 81' lang='lat' dir='ltr'><strong>dietas</strong></span> <span class='ocrx_word' id='word_1_251' title='bbox 989 2901 1063 2941; x_wconf 81' lang='lat' dir='ltr'><strong>hasce</strong></span> <span class='ocrx_word' id='word_1_252' title='bbox 1083 2911 1164 2939; x_wconf 86' lang='lat' dir='ltr'><strong>omues</strong></span> <span class='ocrx_word' id='word_1_253' title='bbox 1185 2897 1240 2940; x_wconf 83' lang='lat' dir='ltr'><strong>sors</strong></span> <span class='ocrx_word' id='word_1_254' title='bbox 1261 2899 1300 2952; x_wconf 79' lang='lat' dir='ltr'><strong>lay·</strong></span> 
     </span>
     <span class='ocr_line' id='line_1_32' title="bbox 210 2972 1302 3031; baseline -0.004 -14"><span class='ocrx_word' id='word_1_255' title='bbox 210 2977 311 3023; x_wconf 84' lang='lat' dir='ltr'><strong>bridus,</strong></span> <span class='ocrx_word' id='word_1_256' title='bbox 341 2990 412 3031; x_wconf 86' lang='lat' dir='ltr'><strong>quum</strong></span> <span class='ocrx_word' id='word_1_257' title='bbox 438 2976 602 3031; x_wconf 76' lang='lat' dir='ltr'><strong>supprimerer</strong></span> <span class='ocrx_word' id='word_1_258' title='bbox 629 2975 731 3016; x_wconf 84' lang='lat' dir='ltr'><strong>inventis</strong></span> <span class='ocrx_word' id='word_1_259' title='bbox 759 2976 833 3017; x_wconf 82' lang='lat' dir='ltr'><strong>facile</strong></span> <span class='ocrx_word' id='word_1_260' title='bbox 854 2977 901 3018; x_wconf 84' lang='lat' dir='ltr'><strong>erit</strong></span> <span class='ocrx_word' id='word_1_261' title='bbox 921 2975 1021 3022; x_wconf 85' lang='lat' dir='ltr'><strong>addere,</strong></span> <span class='ocrx_word' id='word_1_262' title='bbox 1054 2981 1081 3013; x_wconf 88' lang='lat' dir='ltr'><strong>ut</strong></span> <span class='ocrx_word' id='word_1_263' title='bbox 1099 2981 1122 3013; x_wconf 83' lang='lat' dir='ltr'><strong>et</strong></span> <span class='ocrx_word' id='word_1_264' title='bbox 1142 2972 1245 3015; x_wconf 79' lang='lat' dir='ltr'><strong>facilius</strong></span> <span class='ocrx_word' id='word_1_265' title='bbox 1265 2978 1302 3014; x_wconf 76' lang='lat' dir='ltr'><strong>est</strong></span> 
     </span>
     <span class='ocr_line' id='line_1_33' title="bbox 213 3046 1302 3107; baseline -0.006 -14"><span class='ocrx_word' id='word_1_266' title='bbox 213 3050 285 3107; x_wconf 66' lang='lat' dir='ltr'><strong>longe</strong></span> <span class='ocrx_word' id='word_1_267' title='bbox 306 3053 428 3107; x_wconf 69' lang='lat' dir='ltr'><strong>corrigere</strong></span> <span class='ocrx_word' id='word_1_268' title='bbox 449 3062 519 3105; x_wconf 83' lang='lat' dir='ltr'><strong>quern</strong></span> <span class='ocrx_word' id='word_1_269' title='bbox 537 3063 585 3090; x_wconf 86' lang='lat' dir='ltr'><strong>non</strong></span> <span class='ocrx_word' id='word_1_270' title='bbox 605 3061 695 3091; x_wconf 81' lang='lat' dir='ltr'><strong>errare.</strong></span> <span class='ocrx_word' id='word_1_271' title='bbox 742 3051 809 3090; x_wconf 81' lang='lat' dir='ltr'><strong>lianc</strong></span> <span class='ocrx_word' id='word_1_272' title='bbox 834 3051 941 3106; x_wconf 68' lang='lat' dir='ltr'><strong>regulum</strong></span> <span class='ocrx_word' id='word_1_273' title='bbox 967 3056 991 3089; x_wconf 86' lang='lat' dir='ltr'><strong>et</strong></span> <span class='ocrx_word' id='word_1_274' title='bbox 1016 3049 1041 3087; x_wconf 86' lang='lat' dir='ltr'><strong>in</strong></span> <span class='ocrx_word' id='word_1_275' title='bbox 1073 3046 1179 3093; x_wconf 83' lang='lat' dir='ltr'><strong>lxideis,</strong></span> <span class='ocrx_word' id='word_1_276' title='bbox 1207 3046 1302 3089; x_wconf 78' lang='lat' dir='ltr'><strong>Grami-</strong></span> 
     </span>
     <span class='ocr_line' id='line_1_34' title="bbox 210 3119 1302 3179; baseline -0.003 -13"><span class='ocrx_word' id='word_1_277' title='bbox 210 3126 280 3172; x_wconf 80' lang='lat' dir='ltr'><strong>neis,</strong></span> <span class='ocrx_word' id='word_1_278' title='bbox 302 3127 413 3167; x_wconf 80' lang='lat' dir='ltr'><strong>Geraniis</strong></span> <span class='ocrx_word' id='word_1_279' title='bbox 435 3133 481 3167; x_wconf 87' lang='lat' dir='ltr'><strong>otc.</strong></span> <span class='ocrx_word' id='word_1_280' title='bbox 502 3137 644 3178; x_wconf 81' lang='lat' dir='ltr'><strong>aequemur,</strong></span> <span class='ocrx_word' id='word_1_281' title='bbox 666 3131 794 3179; x_wconf 84' lang='lat' dir='ltr'><strong>optantes,</strong></span> <span class='ocrx_word' id='word_1_282' title='bbox 820 3133 847 3175; x_wconf 79' lang='lat' dir='ltr'><strong>ut</strong></span> <span class='ocrx_word' id='word_1_283' title='bbox 865 3124 964 3166; x_wconf 85' lang='lat' dir='ltr'><strong>verbulo</strong></span> <span class='ocrx_word' id='word_1_284' title='bbox 985 3120 1044 3170; x_wconf 78' lang='lat' dir='ltr'><strong>sul,</strong></span> <span class='ocrx_word' id='word_1_285' title='bbox 1074 3129 1098 3162; x_wconf 88' lang='lat' dir='ltr'><strong>et</strong></span> <span class='ocrx_word' id='word_1_286' title='bbox 1117 3119 1302 3163; x_wconf 78' lang='lat' dir='ltr'><strong>characteribus</strong></span> 
     </span>
     <span class='ocr_line' id='line_1_35' title="bbox 210 3194 1346 3263; baseline -0.006 -21"><span class='ocrx_word' id='word_1_287' title='bbox 210 3213 224 3242; x_wconf 78' lang='lat' dir='ltr'><strong>a</strong></span> <span class='ocrx_word' id='word_1_288' title='bbox 243 3202 305 3254; x_wconf 86' lang='lat' dir='ltr'><strong>pube</strong></span> <span class='ocrx_word' id='word_1_289' title='bbox 332 3200 448 3242; x_wconf 80' lang='lat' dir='ltr'><strong>deauratis</strong></span> <span class='ocrx_word' id='word_1_290' title='bbox 475 3207 499 3240; x_wconf 87' lang='lat' dir='ltr'><strong>et</strong></span> <span class='ocrx_word' id='word_1_291' title='bbox 517 3211 531 3238; x_wconf 88' lang='lat' dir='ltr'><strong>a</strong></span> <span class='ocrx_word' id='word_1_292' title='bbox 550 3199 659 3252; x_wconf 82' lang='lat' dir='ltr'><strong>pertibus</strong></span> <span class='ocrx_word' id='word_1_293' title='bbox 677 3199 725 3242; x_wconf 85' lang='lat' dir='ltr'><strong>sibi</strong></span> <span class='ocrx_word' id='word_1_294' title='bbox 745 3198 877 3239; x_wconf 80' lang='lat' dir='ltr'><strong>simillimis</strong></span> <span class='ocrx_word' id='word_1_295' title='bbox 898 3197 995 3250; x_wconf 85' lang='lat' dir='ltr'><strong>parcius</strong></span> <span class='ocrx_word' id='word_1_296' title='bbox 1015 3195 1052 3236; x_wconf 87' lang='lat' dir='ltr'><strong>uti</strong></span> <span class='ocrx_word' id='word_1_297' title='bbox 1071 3194 1162 3237; x_wconf 84' lang='lat' dir='ltr'><strong>vellent</strong></span> <span class='ocrx_word' id='word_1_298' title='bbox 1176 3194 1302 3243; x_wconf 66' lang='lat' dir='ltr'><strong>notantes.</strong></span> <span class='ocrx_word' id='word_1_299' title='bbox 1323 3226 1346 3263; x_wconf 44' lang='grc' dir='ltr'>ν</span> 
     </span>
     <span class='ocr_line' id='line_1_36' title="bbox 210 3271 1339 3331; baseline -0.004 -14"><span class='ocrx_word' id='word_1_300' title='bbox 210 3276 240 3317; x_wconf 86' lang='lat' dir='ltr'><strong>ln</strong></span> <span class='ocrx_word' id='word_1_301' title='bbox 259 3275 389 3317; x_wconf 86' lang='lat' dir='ltr'><strong>Veronicis</strong></span> <span class='ocrx_word' id='word_1_302' title='bbox 406 3276 481 3329; x_wconf 85' lang='lat' dir='ltr'><strong>probe</strong></span> <span class='ocrx_word' id='word_1_303' title='bbox 500 3273 645 3320; x_wconf 80' lang='lat' dir='ltr'><strong>notandum,</strong></span> <span class='ocrx_word' id='word_1_304' title='bbox 671 3272 821 3327; x_wconf 81' lang='lat' dir='ltr'><strong>pedunculos</strong></span> <span class='ocrx_word' id='word_1_305' title='bbox 838 3273 867 3313; x_wconf 80' lang='lat' dir='ltr'><strong>ab</strong></span> <span class='ocrx_word' id='word_1_306' title='bbox 888 3271 984 3311; x_wconf 81' lang='lat' dir='ltr'><strong>ecthesi</strong></span> <span class='ocrx_word' id='word_1_307' title='bbox 1002 3271 1033 3312; x_wconf 84' lang='lat' dir='ltr'><strong>ad</strong></span> <span class='ocrx_word' id='word_1_308' title='bbox 1051 3271 1169 3311; x_wconf 83' lang='lat' dir='ltr'><strong>seminum</strong></span> <span class='ocrx_word' id='word_1_309' title='bbox 1196 3277 1304 3331; x_wconf 69' lang='lat' dir='ltr'><strong>mature·</strong></span> <span class='ocrx_word' id='word_1_310' title='bbox 1335 3324 1339 3329; x_wconf 35' lang='grc' dir='ltr'>Ι</span> 
     </span>
     <span class='ocr_line' id='line_1_37' title="bbox 211 3334 1303 3404; baseline -0.005 -13"><span class='ocrx_word' id='word_1_311' title='bbox 211 3351 301 3391; x_wconf 78' lang='lat' dir='ltr'><strong>tionem</strong></span> <span class='ocrx_word' id='word_1_312' title='bbox 318 3361 395 3402; x_wconf 88' lang='lat' dir='ltr'><strong>usqne</strong></span> <span class='ocrx_word' id='word_1_313' title='bbox 416 3349 539 3404; x_wconf 77' lang='lat' dir='ltr'><strong>elongari,</strong></span> <span class='ocrx_word' id='word_1_314' title='bbox 571 3334 678 3389; x_wconf 72' lang='lat' dir='ltr'><strong>arauiris</strong></span> <span class='ocrx_word' id='word_1_315' title='bbox 703 3356 727 3389; x_wconf 88' lang='lat' dir='ltr'><strong>et</strong></span> <span class='ocrx_word' id='word_1_316' title='bbox 752 3346 842 3401; x_wconf 85' lang='lat' dir='ltr'><strong>ealycis</strong></span> <span class='ocrx_word' id='word_1_317' title='bbox 868 3345 959 3398; x_wconf 82' lang='lat' dir='ltr'><strong>phyllis</strong></span> <span class='ocrx_word' id='word_1_318' title='bbox 985 3345 1078 3386; x_wconf 69' lang='lat' dir='ltr'><strong>interea</strong></span> <span class='ocrx_word' id='word_1_319' title='bbox 1103 3344 1142 3386; x_wconf 83' lang='lat' dir='ltr'><strong>vix</strong></span> <span class='ocrx_word' id='word_1_320' title='bbox 1168 3344 1303 3385; x_wconf 74' lang='lat' dir='ltr'><strong>crescenti·</strong></span> 
     </span>
     <span class='ocr_line' id='line_1_38' title="bbox 212 3417 1304 3474; baseline -0.005 -8"><span class='ocrx_word' id='word_1_321' title='bbox 212 3427 273 3466; x_wconf 80' lang='lat' dir='ltr'><strong>bus:</strong></span> <span class='ocrx_word' id='word_1_322' title='bbox 308 3424 363 3464; x_wconf 87' lang='lat' dir='ltr'><strong>inde</strong></span> <span class='ocrx_word' id='word_1_323' title='bbox 389 3423 589 3464; x_wconf 71' lang='lat' dir='ltr'><strong>characterem</strong></span> <span class='ocrx_word' id='word_1_324' title='bbox 617 3423 769 3463; x_wconf 79' lang='lat' dir='ltr'><strong>bractearum</strong></span> <span class='ocrx_word' id='word_1_325' title='bbox 795 3419 945 3474; x_wconf 77' lang='lat' dir='ltr'><strong>longitudine</strong></span> <span class='ocrx_word' id='word_1_326' title='bbox 973 3433 1026 3461; x_wconf 80' lang='lat' dir='ltr'><strong>euni</strong></span> <span class='ocrx_word' id='word_1_327' title='bbox 1046 3419 1090 3459; x_wconf 82' lang='lat' dir='ltr'><strong>illa</strong></span> <span class='ocrx_word' id='word_1_328' title='bbox 1108 3417 1304 3472; x_wconf 68' lang='lat' dir='ltr'><strong>pednnerqlorun</strong></span> 
     </span>
     <span class='ocr_line' id='line_1_39' title="bbox 212 3492 1301 3551; baseline -0.006 -11"><span class='ocrx_word' id='word_1_329' title='bbox 212 3495 351 3550; x_wconf 73' lang='lat' dir='ltr'><strong>comparata</strong></span> <span class='ocrx_word' id='word_1_330' title='bbox 386 3497 520 3538; x_wconf 86' lang='lat' dir='ltr'><strong>desumtum</strong></span> <span class='ocrx_word' id='word_1_331' title='bbox 535 3497 657 3539; x_wconf 77' lang='lat' dir='ltr'><strong>-raaillars</strong></span> <span class='ocrx_word' id='word_1_332' title='bbox 676 3508 778 3551; x_wconf 80' lang='lat' dir='ltr'><strong>semper·</strong></span> <span class='ocrx_word' id='word_1_333' title='bbox 829 3494 899 3535; x_wconf 84' lang='lat' dir='ltr'><strong>Folia</strong></span> <span class='ocrx_word' id='word_1_334' title='bbox 919 3508 991 3548; x_wconf 86' lang='lat' dir='ltr'><strong>porro</strong></span> <span class='ocrx_word' id='word_1_335' title='bbox 1013 3493 1041 3536; x_wconf 81' lang='lat' dir='ltr'><strong>ed</strong></span> <span class='ocrx_word' id='word_1_336' title='bbox 1062 3492 1158 3534; x_wconf 81' lang='lat' dir='ltr'><strong>acutius</strong></span> <span class='ocrx_word' id='word_1_337' title='bbox 1186 3492 1301 3542; x_wconf 74' lang='lat' dir='ltr'><strong>dentata,</strong></span> 
     </span>
     <span class='ocr_line' id='line_1_40' title="bbox 210 3567 1302 3626; baseline -0.008 -13"><span class='ocrx_word' id='word_1_338' title='bbox 210 3573 259 3626; x_wconf 76' lang='lat' dir='ltr'><strong>quo</strong></span> <span class='ocrx_word' id='word_1_339' title='bbox 283 3571 395 3624; x_wconf 70' lang='lat' dir='ltr'><strong>junioraJ</strong></span> <span class='ocrx_word' id='word_1_340' title='bbox 421 3571 567 3624; x_wconf 82' lang='lat' dir='ltr'><strong>saepiusque</strong></span> <span class='ocrx_word' id='word_1_341' title='bbox 594 3568 618 3611; x_wconf 88' lang='lat' dir='ltr'><strong>in</strong></span> <span class='ocrx_word' id='word_1_342' title='bbox 631 3568 733 3612; x_wconf 83' lang='lat' dir='ltr'><strong>diversis</strong></span> <span class='ocrx_word' id='word_1_343' title='bbox 751 3568 878 3623; x_wconf 84' lang='lat' dir='ltr'><strong>speciebus</strong></span> <span class='ocrx_word' id='word_1_344' title='bbox 899 3568 993 3610; x_wconf 83' lang='lat' dir='ltr'><strong>dentem</strong></span> <span class='ocrx_word' id='word_1_345' title='bbox 1011 3578 1084 3610; x_wconf 84' lang='lat' dir='ltr'><strong>unum</strong></span> <span class='ocrx_word' id='word_1_346' title='bbox 1105 3567 1240 3611; x_wconf 73' lang='lat' dir='ltr'><strong>alterumve</strong></span> <span class='ocrx_word' id='word_1_347' title='bbox 1260 3578 1302 3610; x_wconf 82' lang='lat' dir='ltr'><strong>oe-</strong></span> 
     </span>
     <span class='ocr_line' id='line_1_41' title="bbox 211 3640 1346 3697; baseline -0.006 -11"><span class='ocrx_word' id='word_1_348' title='bbox 211 3659 308 3687; x_wconf 83' lang='lat' dir='ltr'><strong>currers</strong></span> <span class='ocrx_word' id='word_1_349' title='bbox 328 3646 414 3686; x_wconf 87' lang='lat' dir='ltr'><strong>iterum</strong></span> <span class='ocrx_word' id='word_1_350' title='bbox 431 3645 567 3692; x_wconf 84' lang='lat' dir='ltr'><strong>dentatum,</strong></span> <span class='ocrx_word' id='word_1_351' title='bbox 602 3653 629 3687; x_wconf 86' lang='lat' dir='ltr'><strong>ut</strong></span> <span class='ocrx_word' id='word_1_352' title='bbox 651 3644 777 3685; x_wconf 71' lang='lat' dir='ltr'><strong>charaeta:</strong></span> <span class='ocrx_word' id='word_1_353' title='bbox 802 3654 816 3683; x_wconf 78' lang='lat' dir='ltr'><strong>a</strong></span> <span class='ocrx_word' id='word_1_354' title='bbox 839 3642 908 3685; x_wconf 78' lang='lat' dir='ltr'><strong>loliis</strong></span> <span class='ocrx_word' id='word_1_355' title='bbox 929 3640 1184 3697; x_wconf 74' lang='lat' dir='ltr'><strong>duplicato-dentatis</strong></span> <span class='ocrx_word' id='word_1_356' title='bbox 1205 3642 1231 3683; x_wconf 77' lang='lat' dir='ltr'><strong>in</strong></span> <span class='ocrx_word' id='word_1_357' title='bbox 1251 3642 1303 3686; x_wconf 78' lang='lat' dir='ltr'><strong>Ve-</strong></span> <span class='ocrx_word' id='word_1_358' title='bbox 1326 3664 1346 3679; x_wconf 84' lang='grc'><strong>.</strong></span> 
     </span>
     <span class='ocr_line' id='line_1_42' title="bbox 210 3717 1010 3772; baseline -0.006 -10"><span class='ocrx_word' id='word_1_359' title='bbox 210 3720 303 3762; x_wconf 83' lang='lat' dir='ltr'><strong>ronieis</strong></span> <span class='ocrx_word' id='word_1_360' title='bbox 322 3720 413 3772; x_wconf 85' lang='lat' dir='ltr'><strong>petitus</strong></span> <span class='ocrx_word' id='word_1_361' title='bbox 435 3719 511 3760; x_wconf 85' lang='lat' dir='ltr'><strong>multo</strong></span> <span class='ocrx_word' id='word_1_362' title='bbox 530 3719 608 3761; x_wconf 85' lang='lat' dir='ltr'><strong>miuus</strong></span> <span class='ocrx_word' id='word_1_363' title='bbox 628 3719 663 3761; x_wconf 85' lang='lat' dir='ltr'><strong>sit</strong></span> <span class='ocrx_word' id='word_1_364' title='bbox 681 3717 779 3759; x_wconf 84' lang='lat' dir='ltr'><strong>stabilis</strong></span> <span class='ocrx_word' id='word_1_365' title='bbox 798 3728 869 3771; x_wconf 80' lang='lat' dir='ltr'><strong>qaam</strong></span> <span class='ocrx_word' id='word_1_366' title='bbox 885 3718 910 3758; x_wconf 90' lang='lat' dir='ltr'><strong>iu</strong></span> <span class='ocrx_word' id='word_1_367' title='bbox 927 3718 1010 3760; x_wconf 84' lang='lat' dir='ltr'><strong>Rosia.</strong></span> 
     </span>
    </p>
   </div>
   <div class='ocr_carea' id='block_1_8' title="bbox 94 3803 1302 4401">
    <p class='ocr_par' dir='ltr' id='par_1_11' title="bbox 94 3803 1302 4401">
     <span class='ocr_line' id='line_1_43' title="bbox 180 3803 1302 3887; baseline 0.001 -19"><span class='ocrx_word' id='word_1_368' title='bbox 180 3811 232 3887; x_wconf 75' lang='lat'><strong>34.</strong></span> <span class='ocrx_word' id='word_1_369' title='bbox 257 3813 297 3877; x_wconf 89' lang='lat' dir='ltr'><strong>V.</strong></span> <span class='ocrx_word' id='word_1_370' title='bbox 320 3804 432 3868; x_wconf 85' lang='lat' dir='ltr'><strong>Ponae</strong></span> <span class='ocrx_word' id='word_1_371' title='bbox 455 3803 624 3886; x_wconf 55' lang='lat' dir='ltr'><strong>Gonane</strong></span> <span class='ocrx_word' id='word_1_372' title='bbox 647 3808 739 3872; x_wconf 83' lang='lat' dir='ltr'><strong>foliis</strong></span> <span class='ocrx_word' id='word_1_373' title='bbox 762 3808 1030 3871; x_wconf 83' lang='lat' dir='ltr'><strong>cordato-oratis</strong></span> <span class='ocrx_word' id='word_1_374' title='bbox 1053 3805 1224 3870; x_wconf 86' lang='lat' dir='ltr'><strong>sessilibus</strong></span> <span class='ocrx_word' id='word_1_375' title='bbox 1241 3807 1302 3869; x_wconf 84' lang='lat' dir='ltr'><strong>ob·</strong></span> 
     </span>
     <span class='ocr_line' id='line_1_44' title="bbox 97 3890 1299 3976; baseline -0.005 -17"><span class='ocrx_word' id='word_1_376' title='bbox 97 3894 273 3960; x_wconf 75' lang='lat' dir='ltr'><strong>tutissimis</strong></span> <span class='ocrx_word' id='word_1_377' title='bbox 296 3894 456 3976; x_wconf 88' lang='lat' dir='ltr'><strong>cauleque</strong></span> <span class='ocrx_word' id='word_1_378' title='bbox 479 3898 540 3957; x_wconf 86' lang='lat' dir='ltr'><strong>sirn</strong></span> <span class='ocrx_word' id='word_1_379' title='bbox 567 3892 725 3957; x_wconf 83' lang='lat' dir='ltr'><strong>licissimo</strong></span> <span class='ocrx_word' id='word_1_380' title='bbox 747 3893 884 3975; x_wconf 86' lang='lat' dir='ltr'><strong>pilosis,</strong></span> <span class='ocrx_word' id='word_1_381' title='bbox 913 3892 1053 3956; x_wconf 88' lang='lat' dir='ltr'><strong>racemis</strong></span> <span class='ocrx_word' id='word_1_382' title='bbox 1083 3890 1299 3973; x_wconf 74' lang='lat' dir='ltr'><strong>paucilloris,</strong></span> 
     </span>
     <span class='ocr_line' id='line_1_45' title="bbox 98 3915 1297 4063; baseline -0.007 -19"><span class='ocrx_word' id='word_1_383' title='bbox 98 3979 265 4063; x_wconf 81' lang='lat' dir='ltr'><strong>calycibus</strong></span> <span class='ocrx_word' id='word_1_384' title='bbox 288 3976 422 4060; x_wconf 79' lang='lat' dir='ltr'><strong>glabris.</strong></span> <span class='ocrx_word' id='word_1_385' title='bbox 470 3975 504 4038; x_wconf 87' lang='lat' dir='ltr'><em>V</em></span> <span class='ocrx_word' id='word_1_386' title='bbox 509 3915 584 4039; x_wconf 71' lang='lat' dir='ltr'><strong>aiz</strong></span> <span class='ocrx_word' id='word_1_387' title='bbox 601 3973 722 4038; x_wconf 86' lang='lat' dir='ltr'><strong>Enum.</strong></span> <span class='ocrx_word' id='word_1_388' title='bbox 747 3980 770 4037; x_wconf 88' lang='grc' dir='ltr'><strong>Ι.</strong></span> <span class='ocrx_word' id='word_1_389' title='bbox 793 3997 827 4060; x_wconf 85' lang='lat' dir='ltr'><strong>p.</strong></span> <span class='ocrx_word' id='word_1_390' title='bbox 850 3980 903 4058; x_wconf 80' lang='lat'><strong>7⁰.</strong></span> <span class='ocrx_word' id='word_1_391' title='bbox 996 3972 1050 4035; x_wconf 91' lang='lat' dir='ltr'><em>W</em></span> <span class='ocrx_word' id='word_1_392' title='bbox 1048 3971 1140 4038; x_wconf 82' lang='lat' dir='ltr'><strong>illd.</strong></span> <span class='ocrx_word' id='word_1_393' title='bbox 1164 3970 1297 4058; x_wconf 79' lang='lat' dir='ltr'><strong>Speul.</strong></span> 
     </span>
     <span class='ocr_line' id='line_1_46' title="bbox 94 4054 1298 4226; baseline -0.003 -20"><span class='ocrx_word' id='word_1_394' title='bbox 94 4089 140 4210; x_wconf 73' lang='lat' dir='ltr'><strong>a.</strong></span> <span class='ocrx_word' id='word_1_395' title='bbox 153 4057 413 4211; x_wconf 66' lang='lat' dir='ltr'><strong>l3·‚.³f?&#39;l‘¹‘¹·</strong></span> <span class='ocrx_word' id='word_1_396' title='bbox 429 4054 1109 4226; x_wconf 39' lang='lat' dir='ltr'><strong>strattona,aratia.</strong></span> <span class='ocrx_word' id='word_1_397' title='bbox 1128 4054 1298 4218; x_wconf 53' lang='lat' dir='ltr'><strong>fllia?</strong></span> 
     </span>
     <span class='ocr_line' id='line_1_47' title="bbox 97 4164 1296 4312; baseline -0.009 -18"><span class='ocrx_word' id='word_1_398' title='bbox 97 4229 130 4307; x_wconf 83' lang='grc' dir='ltr'><strong>β.</strong></span> <span class='ocrx_word' id='word_1_399' title='bbox 154 4232 246 4294; x_wconf 82' lang='lat' dir='ltr'><strong>loliis</strong></span> <span class='ocrx_word' id='word_1_400' title='bbox 276 4232 382 4294; x_wconf 87' lang='lat' dir='ltr'><strong>acutis</strong></span> <span class='ocrx_word' id='word_1_401' title='bbox 412 4233 445 4310; x_wconf 83' lang='lat' dir='ltr'><strong>(i</strong></span> <span class='ocrx_word' id='word_1_402' title='bbox 469 4228 604 4312; x_wconf 68' lang='lat' dir='ltr'><strong>Cogno,</strong></span> <span class='ocrx_word' id='word_1_403' title='bbox 633 4254 696 4294; x_wconf 85' lang='lat' dir='ltr'><strong>aux</strong></span> <span class='ocrx_word' id='word_1_404' title='bbox 724 4225 889 4311; x_wconf 81' lang='lat' dir='ltr'><strong>Artignus</strong></span> <span class='ocrx_word' id='word_1_405' title='bbox 911 4228 953 4289; x_wconf 89' lang='lat' dir='ltr'><strong>du</strong></span> <span class='ocrx_word' id='word_1_406' title='bbox 977 4222 1131 4300; x_wconf 84' lang='lat' dir='ltr'><strong>Castelet)</strong></span> <span class='ocrx_word' id='word_1_407' title='bbox 1154 4164 1196 4285; x_wconf 57' lang='lat' dir='ltr'><strong>lp</strong></span> <span class='ocrx_word' id='word_1_408' title='bbox 1195 4225 1208 4287; x_wconf 89' lang='lat' dir='ltr'><strong>i</strong></span> <span class='ocrx_word' id='word_1_409' title='bbox 1217 4233 1296 4285; x_wconf 85' lang='lat' dir='ltr'><strong>cot·</strong></span> 
     </span>
     <span class='ocr_line' id='line_1_48' title="bbox 96 4308 1296 4401; baseline -0.006 -24"><span class='ocrx_word' id='word_1_410' title='bbox 96 4308 288 4399; x_wconf 72' lang='lat' dir='ltr'><strong>Lapeyr.</strong></span> <span class='ocrx_word' id='word_1_411' title='bbox 318 4310 373 4380; x_wconf 79' lang='lat' dir='ltr'><strong>Pl.</strong></span> <span class='ocrx_word' id='word_1_412' title='bbox 410 4314 466 4377; x_wconf 82' lang='lat' dir='ltr'><strong>des</strong></span> <span class='ocrx_word' id='word_1_413' title='bbox 490 4309 614 4400; x_wconf 71' lang='lat' dir='ltr'><strong>Pyron.</strong></span> <span class='ocrx_word' id='word_1_414' title='bbox 646 4338 677 4401; x_wconf 88' lang='lat' dir='ltr'><strong>p.</strong></span> <span class='ocrx_word' id='word_1_415' title='bbox 696 4317 730 4380; x_wconf 84' lang='lat'><strong>5.</strong></span> <span class='ocrx_word' id='word_1_416' title='bbox 856 4332 888 4396; x_wconf 77' lang='lat' dir='ltr'><strong>y.</strong></span> <span class='ocrx_word' id='word_1_417' title='bbox 920 4311 1014 4375; x_wconf 82' lang='lat' dir='ltr'><strong>foliis</strong></span> <span class='ocrx_word' id='word_1_418' title='bbox 1043 4310 1177 4374; x_wconf 84' lang='lat' dir='ltr'><strong>trilobis</strong></span> <span class='ocrx_word' id='word_1_419' title='bbox 1209 4313 1244 4390; x_wconf 81' lang='lat' dir='ltr'><strong>(i</strong></span> <span class='ocrx_word' id='word_1_420' title='bbox 1265 4310 1296 4372; x_wconf 83' lang='lat' dir='ltr'><strong>le</strong></span> 
     </span>
    </p>
   </div>
   <div class='ocr_carea' id='block_1_9' title="bbox 0 0 1354 4794">
    <p class='ocr_par' dir='ltr' id='par_1_12' title="bbox 0 0 1354 4794">
     <span class='ocr_line' id='line_1_49' title="bbox 0 0 1354 4794; baseline 0 1"><span class='ocrx_word' id='word_1_421' title='bbox 0 0 1354 4794; x_wconf 95' lang='lat' dir='ltr'><strong> </strong></span> 
     </span>
    </p>
   </div>
  </div>
 </body>
</html>
