2588 4792
504 271 550 287 ···
601 257 708 313 xxm
759 266 806 285 ’-

57 416 225 482 servatis,
252 413 552 498 praestantioribus
568 413 662 500 ‚nupia
684 411 846 489 detectis,
876 413 1067 497 aptioribus.
1082 411 1244 497 Tesmidia

55 508 165 578 cusis,
199 498 490 581 debui-iptcrdum
511 484 718 575 differentias
740 496 953 577 emendare„,
969 495 1063 573 antea
1094 494 1245 589 quamvis

56 588 211 671 optimas.
426 650 431 659 ,
463 660 466 665 ,
669 654 672 662 ,
893 594 894 603 ’
991 640 1015 663 ,Ι

129 672 384 738 4(ὶιιιιιωιστειυῑει
420 665 615 730 essentiales
644 686 708 750 pro
736 667 872 727 Nomine
903 665 1083 744 Seectprco
1118 663 1244 735 consti·

57 768 159 816 tuere
180 775 243 825 nou
263 751 439 814 levidense
461 772 542 834 opus
566 765 636 828 est3
678 752 822 835 requirit
850 750 937 811 enim
959 745 1147 833 Specierum
1169 749 1244 843 plu·

59 840 150 899 rium
179 839 363 898 accuratam
392 835 624 910 collationem,
666 836 786 897 harum
815 834 1079 905 attentissimam,
1094 843 1244 918 partium

62 922 318 1004 indagationem,
341 912 561 1005 dffirentium
584 919 817 995 selectionem,
844 915 1244 1001 Termiuornmdenique

64 1007 142 1066 artis
172 1008 344 1087 propriam
372 999 649 1087 applicationem,
682 999 728 1074 ,ut'
757 1002 897 1066 evadant
924 1001 1248 1088 co'r‘opeirdiosissimi¹

63 1091 308 1172 tutissimique.'
406 1124 418 1143 s
758 1118 775 1131 ··
1164 1095 1166 1100 '

353 1159 358 1167 ι
372 1146 387 1167 l.
405 1152 423 1168 ’.ι
657 1147 670 1159 ··
747 1142 759 1163 ²,
1049 1147 1071 1161 1⁴·
1140 1142 1144 1155 ι

146 1176 218 1234 Non
241 1190 331 1234 vrsts
353 1172 482 1254 plantas
502 1171 578 1234 heic
602 1171 709 1247 omisi,
721 1172 829 1234 “toties
853 1168 1021 1248 elususab
1039 1168 1244 1244 auctoribus,

58 1280 101 1320 ne
126 1257 227 1318 dubia
255 1256 445 1318 certissimis
473 1257 594 1318 miscer
657 1277 666 1334 3
712 1257 843 1318 sivero
865 1254 1042 1338 aliquando
1066 1252 1245 1337 contigerit

57 1365 128 1404 non
146 1336 357 1403 sufficienter
384 1336 570 1422 inspexisse
584 1276 758 1422 Ιἶῆῗιηῑῑιιη,
796 1332 850 1402 vel
874 1340 1045 1422 specimen
1065 1336 1190 1421 imperf
1232 1375 1245 1389 ·

57 1441 127 1489 tum
150 1424 345 1500 obtinuisse,
368 1424 462 1507 signo
482 1435 509 1491 ›l‹
530 1427 597 1487 boo
619 1427 741 1500 notavi,
764 1437 800 1486 ut
821 1423 878 1487 alii
901 1423 1039 1485 eandem
1059 1425 1245 1487 accuratius

60 1510 260 1572 examinent.
625 1568 627 1572 ,

146 1595 323 1654 Nonarum
352 1587 539 1679 plantarum
562 1591 667 1652 totius
696 1590 787 1653 orbis
818 1592 918 1677 longe
947 1592 1134 1674 parciorem
1157 1608 1245 1664 esse,

59 1698 164 1760 quam
185 1676 288 1758 vulgo
319 1675 486 1748 creditur,
523 1675 601 1761 satis
633 1687 724 1738 certo
748 1677 878 1739 calculo
900 1677 1071 1750 intellexi,
1110 1687 1146 1736 ut
1167 1685 1247 1756 pote

60 1759 197 1853 quifrix
221 1778 324 1823 toooo
347 1760 492 1842 attingat:
888 1808 891 1813 .

146 1848 323 1904 anvmmt
352 1847 487 1905 nomina
516 1842 550 1903 in
571 1843 720 1926 margine
741 1843 900 1926 apposui,
944 1856 981 1904 ut
1006 1843 1116 1904 missis
1136 1840 1247 1903 amba·

59 1926 179 2010 gibus,
215 1948 282 1987 uno
313 1927 493 2009 quamlibet
520 1928 668 1988 Herbam
697 1928 830 1989 nomine
862 1929 1039 2010 complecti
1068 1934 1245 2016 queamusp

58 2011 142 2073 haec
164 2031 247 2074 vero
270 2009 393 2094 absque
415 2012 541 2072 selectu
563 2013 676 2092 posui,
699 2016 822 2093 quippe
845 2033 943 2094 quem
965 2011 1046 2072 alius
1072 2011 1144 2071 dies
1166 2030 1246 2091 pos·

61 2096 113 2157 cit
166 2096 312 2159 Caveant
340 2107 449 2156 autern
489 2116 583 2175 quam
611 2095 815 2156 sanctissime
845 2114 959 2155 omnes
988 2094 1057 2154 sani
1080 2092 1245 2166 Botanici,

62 2200 204 2262 unquam
233 2199 422 2261 proponere
453 2198 572 2238 nomen
601 2179 731 2239 triviale
760 2177 832 2238 sine
855 2175 1034 2240 sullicienti
1057 2173 1246 2244 differentia

60 2261 240 2345 specifica,
278 2283 321 2322 ne
348 2275 422 2323 ruat
444 2261 478 2321 in
499 2265 672 2359 pristinam
700 2257 890 2323 barbariem
913 2261 1062 2325 scientia.
1105 2263 1247 2324 Mutatio

58 2347 205 2422 horum,
226 2346 307 2409 licet
329 2351 369 2410 in
390 2346 526 2419 melius,
549 2348 625 2429 plus
647 2358 748 2409 nocet
769 2366 866 2430 quam
887 2345 1049 2427 proderit.

146 2456 324 2518 Srronrsrt
346 2455 545 2536 paucissima
568 2455 603 2515 in
625 2455 819 2516 Errorants
842 2454 964 2537 plantis
986 2454 1143 2530 adhibui,
1167 2452 1248 2516 obn-

56 2551 169 2601 tentus
192 2540 231 2623 C.
250 2530 405 2598 Bctr'bino
428 2553 461 2599 et
481 2535 709 2627 Iconogrupdo
731 2539 990 2622 praestantiore3
1026 2539 1063 2600 in
1085 2541 1246 2600 Exortcts

55 2643 139 2688 tero
159 2624 273 2706 plu'ra,
297 2644 396 2705 quum
418 2621 609 2685 difficiliora
630 2623 804 2705 minusque
828 2623 905 2685 trita
929 2623 1002 2686 sint

142 2709 407 2768 Dascmrrrooes
432 2704 493 2786 (*)
517 2720 644 2779 tantum¹
662 2707 697 2767 in
720 2701 870 2771 obscuris
894 2705 1053 2768 adhibere
1071 2723 1247 2769 necessum

56 2790 140 2866 snit,
165 2811 288 2875 easque
312 2792 383 2852 sine
406 2789 620 2875 ambagibus,
642 2804 678 2851 ut
701 2791 886 2853 obtinerem
908 2789 1145 2872 compendium
1166 2789 1248 2852 tiro·-

62 2878 163 2937 nibus
187 2889 323 2958 gratum.
509 2886 512 2891 ’
1216 2878 1219 2882 ’

140 2961 235 3021 Loca
266 2959 387 3019 natalia
416 2976 507 3018 more
541 2977 614 3018 meo
638 2955 762 3038 adjeci,
806 2955 906 3040 in'que
929 2955 1107 3018 notissimis
1130 2949 1246 3018 Fracta

62 3052 171 3102 cuntes
190 3045 231 3118 b,
255 3037 420 3117 Perennae
440 3044 485 3117 tt,
508 3035 652 3122 Biennos
673 3045 723 3117 α’,
745 3037 888 3098 Annuus
909 3050 936 3105 Θ
957 3041 1080 3104 notavi.

141 3129 283 3190 Geram
304 3125 463 3187 nonnulla
485 3143 581 3201 nora,
604 3125 760 3186 nonnulla
783 3122 956 3184 immutata
979 3123 1137 3201 adhibui3
1161 3143 1246 3207 quae

56 3209 91 3270 in
121 3233 210 3272 nova
240 3210 386 3272 editione
418 3227 576 3293 generum
599 3209 783 3291 plantarum
814 3208 1012 3295 propediem
1035 3213 1154 3272 sistere
1177 3208 1247 3268 ani·

61 3314 135 3355 mus
159 3307 220 3358 est.
702 3339 703 3346 ,

143 3375 440 3440 onsastaroisum
462 3377 530 3436 tela
551 3397 716 3459 nunquam
737 3375 875 3453 retorsi,
905 3375 1065 3438 acerrima
1088 3373 1246 3450 convitia,

58 3460 341 3532 insimulationes,
382 3460 630 3533 cavillationes,
672 3460 917 3522 buccinationes
941 3456 1247 3540 (praestantiorum

35 3590 39 3597 .
59 3545 159 3624 longe
175 3546 348 3615 Virorum,
371 3545 459 3603 omni
481 3565 574 3618 aevo,
597 3543 724 3606 laboris
748 3543 909 3626 praemia)
932 3543 1112 3625 tranquillo
1135 3543 1244 3604 animo

61 3627 221 3705 sustinui3
243 3649 306 3690 neo
329 3627 397 3689 suis
420 3625 604 3689 auctoribus
625 3631 710 3691 haec
731 3628 875 3702 invideo,
900 3628 928 3686 si
950 3627 1028 3687 inde
1048 3622 1134 3711 ‘ipsis
1158 3625 1246 3710 apud

59 3712 199 3794 vulgum
230 3714 339 3795 gloria
362 3710 478 3792 major.
521 3714 608 3775 Fero
641 3715 743 3786 haec,
780 3731 864 3796 quae
887 3711 921 3771 in
943 3731 996 3771 me
1020 3731 1061 3773 ne
1085 3712 1246 3795 capillum

59 3798 197 3879 quidem
228 3808 372 3870 mutant,
416 3807 449 3855 et
481 3815 541 3859 cur
569 3819 636 3860 non
667 3796 793 3859 ferrem
821 3791 985 3884 iniquos,'
1018 3796 1075 3878 qui
1105 3818 1123 3857 a
1155 3800 1247 3860 veris

58 3880 229 3941 Botanicis
268 3893 300 3940 et
336 3877 470 3962 quidem
511 3879 866 3953 consummatissimis,
910 3878 1033 3963 quibus
1069 3897 1246 3963 assurgere

61 3962 185 4026 debent
213 3963 283 4037 illi,
314 3964 446 4023 summis
470 3964 653 4026 cumulatus
676 3967 740 4026 sim
761 3962 929 4031 encomiis.
974 3965 1092 4026 Parem
1123 3963 1247 4026 deinde

63 4047 263 4110 adversariis
291 4045 420 4110 referre
451 4051 615 4131 gratiam,
653 4069 716 4112 nec
745 4048 821 4108 anni
851 4048 1143 4130 ingravescentes,
1181 4066 1247 4109 nec

63 4150 196 4205 munus,
236 4150 301 4215 quo
324 4130 463 4210 fungor,
499 4140 562 4193 nec
585 4133 649 4194 mei
671 4151 780 4195 mores
803 4137 983 4212 patiuntur.
1041 4131 1141 4224 Quod
1162 4129 1247 4191 mihi

63 4227 215 4298 superest
237 4216 399 4277 brevioris
421 4215 506 4290 aevi,
528 4217 725 4300 tranquillus
746 4216 937 4278 utilioribus
958 4214 1246 4278 observationibus

64 4298 260 4384 impendam.
306 4298 371 4362 Res
397 4299 563 4362 naturales
593 4301 680 4363 enim
709 4300 848 4385 proprio
887 4299 1067 4383 privilegio
1095 4297 1244 4379 ,munitae
