2588 4792
91 242 165 306 250'
400 236 636 299 nunonis..
668 233 946 298 MONOGYNIA.
1138 236 1236 311 Sunt,
1275 260 1286 298 1

92 401 181 483 Spes.
204 407 228 467 l.
258 426 291 486 p.
320 404 387 467 133.
499 397 602 461 Vaut
627 397 747 461 Erum.
772 396 795 462 l.
824 421 857 481 p.
884 397 952 463 aab.
1046 394 1230 477 ducemne.
1272 422 1285 454 r

91 491 151 550 ΠΙ.
173 501 198 550 t.
221 508 290 548 nie.
322 488 387 563 (et.
419 497 502 546 teste
525 480 718 563 Jnrqnin,
752 485 876 545 Sanum
898 484 1072 541 nemorosa
1095 479 1231 559 Crontz.)
1274 478 1281 489 '

90 566 268 630 Poitenu
298 583 330 629 ct
362 562 536 650 Turpia.
566 564 656 627 Flor.
711 565 785 630 nris.
821 579 843 628 t.
864 565 916 628 35.
951 561 1068 626 Mitt.
1093 562 1158 627 dict.
1184 586 1231 631 nn,

90 646 162 717 edit.
182 675 213 731 7.
235 673 265 712 n.
291 653 319 713 8.
386 652 433 714 Cl.
467 646 595 709 Smitt
623 588 908 710 Sciraderum
937 649 1081 710 monuit:
1109 647 1147 709 ’8.
1166 632 1236 723 neni
1270 672 1286 727 ·,

92 755 200 795 rosum
221 731 344 794 Linn.
367 734 501 796 eandem
525 754 597 794 esse
627 756 699 796 cum
730 729 889 815 sylvestri.
914 733 1067 793 Sinnium
1089 728 1235 812 selectum
1270 774 1281 807 Ε

92 839 166 880 cum
186 818 358 878 nemorosd
377 818 480 878 iunxit
507 814 575 899 jam
597 817 673 878 olim
699 813 850 875 Orant:
878 824 981 874 nostr.
1010 836 1045 894 p.
1069 823 1236 897 atin-,quen
1274 858 1286 894 :

92 916 222 966 secutus
253 915 303 962 est
329 896 615 981 Ettiinger,a
656 895 790 959 Wiiid.
820 899 842 957 l.
872 918 899 957 c.
938 919 970 978 p.
1005 898 1074 972 134.
1104 892 1241 960 correcti¹
1279 966 1284 973 ¹

71 1054 74 1059 ,
93 1005 215 1067 „quum
235 982 351 1044 ambae
370 980 489 1066 species
508 979 761 1062 distinctissime
782 979 843 1040 sint
855 979 888 1036 !“

129 1138 300 1207 „Lubentcr
319 1134 496 1203 oredimus,
511 1134 626 1208 plantas
647 1135 841 1205 Lmnaeanas,
869 1136 1011 1208 illasque,
1038 1150 1114 1207 quae
1134 1132 1162 1186 in
1177 1128 1242 1189 llu'a'

68 1262 71 1267 .
166 1211 341 1266 Germaniae
363 1220 526 1263 occurrunt
545 1210 607 1263 sub·
619 1209 740 1263 nomine
760 1211 790 1265 S.
803 1211 951 1279 sylvestris
970 1219 1000 1263 et
1012 1222 1170 1261 nemorosae
1185 1211 1239 1273 (ssa
1284 1270 1286 1277 Ι

165 1284 212 1339 fer
232 1285 380 1350 Schrad.
398 1283 442 1335 ΡΙ.
461 1302 553 1353 germ.
581 1285 663 1354 p.61)
695 1301 786 1337 unam
803 1284 983 1357 eandemque
1005 1282 1112 1336 sistere
1132 1276 1243 1353 aperient

165 1360 275 1413 etenim
295 1369 324 1412 ct
345 1358 381 1409 cl.
404 1356 583 1426 Sprengel
599 1376 677 1411 nunc
697 1358 929 1425 S.,sylvestrem:
964 1356 1047 1410 foliis
1067 1353 1244 1408 cordatodu·

167 1432 307 1497 ceolatis,
338 1431 487 1502 rugulosis
514 1432 713 1504 inaequaliter
739 1429 1201 1505 duplicato·oreuato-serratis,
1218 1445 1245 1481 n·

164 1523 259 1579 perne
278 1504 480 1569 nudiusoulis,
503 1508 585 1560 caulo
600 1507 758 1578 calycequo
776 1506 892 1561 villosis
912 1507 1006 1560 Flor.
1027 1504 1084 1557 tat.
1105 1522 1134 1556 n.
1148 1504 1246 1571 dmin·

168 1577 234 1633 dem
255 1597 320 1632 esso
342 1595 407 1630 cum
426 1575 477 1632 sui
498 1581 529 1634 S.
548 1582 710 1633 nemorosi:
731 1579 812 1634 foliis
832 1576 1158 1634 cordato-lanceolatis
1175 1591 1247 1647 aequa

167 1653 238 1707 liter
252 1651 395 1717 serratis,
416 1656 500 1706 caulo
515 1655 673 1725 calycequc
684 1652 812 1718 incenis,
827 1654 957 1708 bracteis
973 1649 1161 1724 longitudine
1175 1648 1247 1719 seipsis

168 1729 209 1780 it.
224 1745 251 1780 n.
266 1727 318 1789 33,
339 1743 404 1778 cum
419 1727 466 1778 clo
481 1727 659 1780 Wallrotlz
680 1731 783 1791 (annus
798 1730 855 1793 bot.
875 1747 904 1799 p.
920 1730 960 1797 5.)
984 1727 1081 1779 sentit.
1104 1726 1165 1779 Nec
1177 1722 1248 1777 forst

166 1819 342 1855 nemorosam
356 1799 518 1855 Marsch.
540 1820 557 1855 a
568 1804 617 1855 Bi
622 1805 681 1856 ebe
693 1810 760 1855 ret.
775 1811 853 1855 tuur.
868 1821 944 1855 enne,
965 1820 994 1872 p.
1010 1818 1055 1855 no.
1076 1818 1108 1851 n.
1124 1799 1169 1853 53.
1186 1796 1250 1851 diser·

168 1894 230 1931 sam
249 1893 314 1929 esse
334 1892 350 1928 a
372 1875 523 1943 sylvestri,
563 1876 701 1946 insistere
724 1877 879 1939 volumus,
919 1894 1008 1948 quum
1028 1877 1066 1927 cl.
1089 1882 1193 1926 auctor
1209 1872 1251 1941 ipss

168 1948 264 2003 disat:
292 1947 522 2015 „sufficientem
541 1952 616 2005 hanc
636 1942 714 2003 inter
737 1961 766 2004 et
781 1951 812 2004 S.
828 1952 996 2018 sylvestrem
1017 1946 1209 2000 differentiam
1223 1958 1251 1995 ns

168 2024 264 2079 adbuc
280 2024 433 2095 ignorasse
451 2022 585 2079 fateor.“
625 2024 693 2089 Ast,
719 2024 743 2077 si
760 2025 789 2078 in
802 2025 891 2078 horto
906 2022 1043 2077 Itewensi
1065 2021 1103 2074 ab
1119 2037 1193 2073 anno
1209 2016 1252 2085 spi

163 2100 195 2155 S.
216 2115 378 2165 nemorosa,
406 2099 442 2153 ab
462 2111 539 2153 anuo
558 2098 673 2170 17598.
695 2099 845 2166 sylvestris
858 2099 987 2166 lt‘lilleri,
1012 2097 1088 2149 haee
1110 2094 1176 2151 illa:
1198 2087 1253 2145 iuliis

170 2171 495 2226 cordato-lanceolatis
514 2172 626 2237 acutis,
653 2172 785 2226 bracteis
807 2171 966 2235 coloratis,
993 2169 1070 2222 flore
1089 2163 1254 2227 brevioribus

168 2245 248 2300 Mil.
261 2248 282 2298 1.
300 2265 342 2312 c.,
363 2246 430 2299 illa:
456 2245 537 2301 foliis
555 2245 838 2319 'cordato-oblongis
861 2245 990 2302 crenatis
1005 2239 1139 2316 glabris,
1164 2236 1254 2293 llorihu

168 2318 503 2391 verticillato-spicatis
518 2318 596 2374 Mitt.
616 2339 642 2373 n.
659 2321 686 2374 6.
707 2319 820 2373 culturi
833 2329 962 2393 perstst3
982 2317 1008 2383 si
1028 2316 1069 2370 W
1070 2316 1099 2368 it
1105 2316 1224 2368 ldenoe
1237 2311 1254 2361 it

169 2394 272 2447 Enum.
292 2393 329 2446 H.
344 2394 501 2468 Berot.jp.
525 2397 568 2450 3⁶.
591 2395 646 2447 ait:
676 2394 847 2466 „conjungo
860 2391 1076 2465 praceuntibus
1092 2390 1144 2443 cll.
1160 2376 1255 2450 amitt,

169 2466 367 2541 detrudar,
387 2467 632 2522 Bieberstein
653 2468 723 2533 duas
738 2469 874 2540 plantas,
903 2483 1027 2539 quarum
1047 2461 1256 2517 saciesinlions

128 2568 142 2609 ,ι
170 2546 275 2594 nostro
292 2556 348 2610 per
367 2541 484 2614 longam
503 2560 648 2597 annorum
669 2543 777 2596 seriam
796 2558 856 2595 non
877 2551 921 2595 cst
939 2548 1061 2595 mutata.
1089 2538 1122 2592 S.
1140 2534 1212 2590 enim
1222 2531 1256 2601 eri·

170 2615 274 2668 vestris
294 2613 402 2686 gaudet
425 2615 554 2671 bracteis
582 2625 752 2670 constanter
771 2618 870 2688 calyce
888 2612 1104 2676 brevioribus,
1137 2610 1168 2665 iu
1184 2609 1258 2680 planu

170 2686 297 2741 florente
317 2685 483 2757 viridibus,
517 2691 597 2747 ets.
618 2709 780 2759 nemorosa,
814 2690 944 2744 bracteis
964 2684 1155 2756 longitudine
1178 2679 1260 2751 calycit

170 2776 290 2832 semper
310 2762 467 2829 coloratis,
489 2762 577 2818 etiam
595 2766 625 2818 in
646 2764 746 2836 planti
766 2762 942 2830 deflorati“;
964 2761 988 2815 si
1008 2758 1261 2827 Desfontnimt

169 2832 202 2889 in
216 2837 362 2903 parisino,
380 2837 520 2891 Gmelin
540 2839 569 2892 in
590 2839 783 2893 Cnrirrntinno
797 2838 981 2909 distinguunt
995 2835 1107 2888 cultam
1122 2833 1265 2900 syhestrsn

170 2918 201 2962 et
214 2927 408 2978 nemorosam
425 2910 449 2965 si
466 2923 571 2966 nostra
586 2912 730 2986 deniquo,
751 2914 1012 2986 quantulacunque
1025 2909 1080 2972 sit,
1103 2903 1263 2979 experientis

168 2982 202 3039 in
217 2983 247 3039 S.
263 3003 426 3054 nemorosa,
454 2987 569 3042 culturi
587 2992 619 3041 rt)
635 3005 778 3041 annorum
793 2986 990 3057 persistente,
1017 2980 1093 3035 vidit
1112 2980 1264 3034 floresten-

167 3074 227 3131 per
241 3059 400 3133 caulasque
415 3058 562 3124 minores,
580 3063 693 3117 caulem
707 3061 886 3132 simplicem,
910 3059 954 3125 (in
967 3057 1107 3126 sylvestri
1124 3058 1263 3115 ramosum)

170 3129 244 3187 lolia
258 3145 396 3197 arenata,
418 3137 430 3198 (
438 3150 494 3187 noc
507 3134 669 3201 biserrata,
687 3135 755 3187 binc
771 3143 801 3187 ct
813 3135 889 3186 bene
907 3133 980 3185 solia
993 3133 1023 3186 S,
1038 3146 1202 3193 nenwrosoe
1212 3127 1265 3178 sin·

165 3207 322 3276 pliciter
349 3218 464 3261 serrata
486 3207 557 3261 dixit
581 3210 683 3263 Zinn.
707 3210 793 3260 Hert.
816 3208 939 3279 getting.
964 3208 1069 3277 297.);
1106 3202 1131 3256 si
1154 3201 1265 3261 eminus,

169 3281 219 3335 vel
234 3299 268 3336 no
282 3281 393 3353 pedum
406 3281 563 3349 distantiis,
591 3283 705 3336 facilius
720 3283 822 3335 habitu
835 3284 932 3353 planta
948 3280 1016 3333 viva
1036 3295 1125 3351 quam
1139 3276 1266 3331 desiccata

170 3353 200 3407 in
210 3355 356 3416 iserbariis
370 3356 569 3429 microsoopio
589 3357 779 3429 distinguitur
785 3375 794 3423 3
817 3354 960 3427 suspicari
976 3354 1040 3407 sors
1054 3351 1139 3418 licet,
1160 3351 1267 3405 S-nems

170 3435 266 3483 rosum
280 3440 309 3482 ct
322 3432 488 3497 sylvestrem
500 3428 648 3483 cultorum
661 3431 731 3485 alius
748 3448 811 3483 csse
828 3447 913 3500 quam
927 3429 993 3484 illas
1009 3426 1035 3479 L
1044 3428 1114 3481 inn.
1130 3436 1159 3479 et
1172 3431 1267 3477 auctor·

170 3503 249 3555 Flor.
265 3521 357 3573 germ.
379 3506 481 3557 Liceat
498 3502 533 3556 de
550 3504 648 3577 planta
663 3505 751 3558 dubii
768 3502 877 3556 addere
892 3500 1128 3573 descriptionem
1142 3499 1269 3570 integrm

171 3592 206 3629 ex
223 3578 375 3643 Vettio,
403 3577 454 3651 qui
475 3589 632 3649 utramque
652 3578 741 3632 vidit:
769 3577 891 3643 „Caulis
913 3585 1031 3629 erectus
1052 3590 1190 3627 ramosus
1202 3570 1269 3625 villo·

171 3667 236 3716 aus3
260 3650 333 3705 solia
353 3651 452 3707 intima
479 3653 587 3723 longe,
623 3653 780 3724 superiora
804 3651 928 3705 brevius
952 3650 1114 3721 petiolum,
1147 3658 1270 3721 suprema

171 3724 485 3797 semiamplexicauiia,
512 3727 796 3789 ovato-lanceolata,
823 3722 888 3779 basi
909 3722 1049 3789 cordata,
1085 3716 1269 3795 inaequaliter

171 3808 450 3866 cranam-serrata,
477 3814 601 3872 rugosa,
629 3801 730 3853 subtus
749 3809 878 3852 tomento
898 3796 991 3851 tenui.
1047 3792 1157 3865 Spirae
1178 3790 1270 3847 cralis

171 3873 317 3941 supremis
339 3884 368 3927 et
388 3875 472 3946 apice
494 3875 616 3947 longae,
648 3873 789 3927 verticilli
811 3872 937 3926 scxssori.
995 3873 1143 3927 Bructeac
1163 3876 1270 3931 ovatae,

171 3945 370 4017 acuminatas,
389 3954 570 4021 purpureae.
611 3949 671 4003 Cal.
688 3948 808 4002 strictus
823 3948 958 4012 villosus,
973 3942 1113 4004 dentibus
1128 3942 1237 4007 acutis,
1249 3936 1270 4015 ξ.

171 4032 241 4089 Cor·
262 4036 419 4106 tuorum
443 4039 534 4092 tubus
555 4033 742 4107 longitudine
764 4034 886 4103 calycis,
918 4035 1000 4102 galea
1021 4028 1091 4103 pilis
1105 4031 1270 4107 punctisque

170 4105 393 4181 glandularibus
410 4110 485 4169 albis
500 4108 649 4183 adspersa.
694 4109 792 4165 Vatt.
817 4109 836 4160 l.
852 4124 876 4158 c.
903 4107 1021 4159 variare
1039 4102 1115 4159 ssore
1128 4106 1282 4159 caeruleos.

168 4184 526 4255 purpurascentc,albo
546 4186 641 4256 Jeep.
668 4180 688 4239 l.
711 4201 735 4235 c.
829 4181 863 4232 In
888 4181 1007 4248 Europe
1027 4179 1214 4232 meridionali.
1244 4176 1271 4232 ii.

169 4255 262 4311 Lam.
284 4268 314 4312 ct
333 4258 464 4313 Poiret
483 4260 563 4312 Eae.
579 4260 630 4314 vt.
650 4276 681 4330 p.
697 4258 759 4331 589.
786 4254 938 4328 distinguit
954 4257 983 4309 S,
996 4255 1184 4322 sylvestrem.-
1203 4249 1272 4309 soliis
