2588 4792
7 300 31 355 ‚,·
569 291 612 304 ··
664 278 736 329 xil*
775 275 818 303 -ὲ-

45 389 54 417 l

104 442 222 523 „nem
242 443 420 523 noctem,
457 430 628 502 etnihil
656 431 931 524 piscavimus!“
995 431 1279 515 Successoribus

101 560 190 607 sero
221 539 356 607 nostris
381 560 595 632 speramus,
623 536 760 604 melius
791 551 876 605 rent
897 537 1278 626 successuramlore.

88 642 266 728 *lnvcntis
290 642 392 710 enim
419 641 527 711 facile
549 652 604 709 est
624 641 773 728 addere,
802 639 1004 724 etrsaciunt
1028 642 1153 712 aliena
1179 643 1278 736 peri·

104 748 187 817 cula
215 759 378 816 cautum.
407 784 410 791 ·
954 830 956 834 Α
1263 820 1268 831 ,

98 854 103 903 l
169 886 172 893 «
205 851 314 946 Quod
334 850 378 919 cl.
397 850 587 919 Palisot
602 851 653 917 de
667 846 914 920 Beauuois
928 850 1277 944 agrostographiam

94 962 237 1024 'novam
259 955 376 1024 secuti
390 953 525 1043 simus,
554 953 834 1045 vituperabunt,
859 954 924 1048 qui
944 954 1079 1073 patriis
1097 955 1277 1048 gramini,

100 1059 170 1128 bus
195 1057 315 1130 otium
334 1084 445 1128 suum
461 1070 739 1128 consecrarmunt
794 1059 867 1129 Sed
890 1057 955 1152 qui
979 1058 1280 1137 clarissimorum

6 1228 9 1235 ,
100 1167 290 1251 Brown,
324 1163 598 1238 Humboldt
624 1175 660 1230 et
686 1163 948 1253 Bonpland
982 1161 1222 1256 aliorumque
1257 1188 1277 1243 e

100 1268 254 1362 tropicis
273 1251 456 1338 reducum
471 1266 735 1335 botanicorum
760 1267 933 1360 gramina
955 1267 1157 1360 generibus
1182 1267 1275 1335 Lin-

99 1374 250 1443 naeanis
290 1373 526 1442 subscribere
557 1370 707 1458 nolint,
753 1394 929 1467 veremur
962 1395 1010 1440 ne
1043 1365 1158 1440 coacti
1189 1369 1276 1458 sint,

37 1541 39 1545 .
98 1477 217 1546 donec
238 1489 301 1546 aut
325 1476 485 1545 meliora
504 1475 706 1545 didicerint
730 1488 793 1544 aut
817 1477 953 1544 docere
975 1475 1186 1562 voluerint,
1216 1501 1277 1568 ge·

97 1604 188 1652 nera
202 1581 363 1649 istorum
380 1564 815 1657 botanicoruminterim
837 1580 1035 1675 nobiscum
1051 1580 1275 1649 ¹admittere.

138 1685 471 1821 ·Synonymia
460 1711 500 1752 1n
527 1683 824 1777 graminibus
790 1711 858 1753 ux
881 1695 1077 1777 systemate
1110 1682 1275 1753 facilior.

1 1786 3 1793 ’
97 1786 207 1856 Non
207 1811 332 1907 pauca
364 1789 518 1883 quidem
543 1787 696 1856 nohis
687 1813 726 1854 1n
757 1787 944 1857 berberiis
976 1785 1113 1856 nostris
1139 1789 1275 1872 adsunt

96 1893 280 1988 gramina,
308 1905 385 1962 tarn
403 1892 601 2011 Europaea
618 1916 731 1984 quam
752 1891 926 1985 tropica,
946 1893 1103 1960 sednon
1123 1892 1274 1982 onrnia3

96 2022 164 2065 nec
178 1997 223 2065 ab
243 1988 454 2084 omnibus,
464 1995 529 2089 qui
549 1997 593 2064 de
610 1995 844 2088 graminibus
874 1995 1117 2089 scripserunt,
1147 2009 1274 2066 aucto·

95 2101 200 2169 ribus
222 2100 315 2192 ipsis
332 2102 574 2171 denominata
590 2100 817 2203 specifiina,
841 2113 884 2170 ut
907 2100 1069 2170 indubia
1090 2101 1203 2193 plane
1227 2099 1274 2171 sit

95 2205 326 2297 synonymia.
353 2266 356 2271 .
381 2207 550 2274 Attamen
568 2206 780 2296 speramus,
803 2231 911 2292 eum,
937 2205 1002 2297 qui
1023 2229 1153 2273 omnes
1171 2231 1192 2274 a
1207 2230 1274 2279 no.-

92 2308 151 2376 bis
183 2308 357 2379 adductas
383 2309 522 2399 species
553 2333 596 2376 ex
620 2308 711 2399 ipsis
736 2320 956 2393 auctorum,
1004 2309 1071 2402 qui
1097 2308 1180 2378 illas
1211 2308 1274 2377 de-

93 2412 337 2504 scripserunt,
364 2411 549 2480 herbariis
568 2423 652 2481 ante
673 2411 801 2479 oculos
812 2411 966 2482 habrtur
968 2438 1010 2480 us
1026 2413 1086 2500 sit,
1109 2437 1275 2506 aequum

94 2517 139 2584 de
155 2515 430 2608 nostroAugiae
447 2517 635 2586 stabulum
653 2517 843 2615 purgandi
862 2516 1068 2589 tentamine
1084 2514 1285 2612 judicium.

53 2618 56 2623 ’
93 2620 275 2689 laturum
284 2618 378 2688 sore.

99 2756 102 2761 ·
196 2723 307 2818 Qui
296 2750 337 2792 m
361 2723 534 2793 butanica
556 2690 693 2817 genera
713 2750 809 2795 nora
828 2714 935 2819 plus,
965 2749 1077 2818 quam
1107 2749 1273 2818 aequum

93 2838 159 2914 est,
189 2840 384 2919 spernunt,
413 2827 557 2896 nescire
580 2828 767 2917 videntur,
797 2842 832 2899 ct
849 2830 889 2898 in
918 2829 1237 2921 Ornithologia,
1225 2855 1269 2907 m

94 2932 373 3024 Herpetologia,
399 2931 438 2999 in
459 2932 728 3026 Ichthy-ologia,
756 2934 797 3002 in
816 2933 1097 3026 Entomologia,
1124 2933 1165 3000 in
1184 2933 1273 3002 Hel·

93 3035 364 3128 minthologia,
392 3036 432 3103 in
459 3037 713 3135 Mineralogia
738 3032 917 3130 pauciora
947 3036 1044 3124 olim*
1065 3036 1179 3107 fuisse
1210 3061 1272 3130 ge·

93 3164 203 3226 nera,
238 3140 303 3208 sed
334 3140 552 3209 succedente
582 3152 753 3233 ternpore
780 3142 991 3233 speci-erum
1022 3152 1060 3209 ct
1085 3152 1271 3234 generum

94 3242 296 3337 numerum
330 3245 472 3336 augeri.
522 3244 643 3338 &Quin
670 3245 798 3336 plures
819 3245 860 3311 in
887 3244 1041 3313 dirersis
1074 3245 1271 3314 olim'tam

93 3339 314 3416 animalium
334 3372 448 3441 quarn
463 3349 733 3441 vegetabilium,
750 3361 785 3418 et
801 3348 1048 3429 mineralinm
1065 3349 1269 3442 generibus

93 3453 286 3521 anomalae
304 3451 444 3546 species
465 3464 500 3520 et
516 3452 632 3521 invita
649 3452 753 3545 quasi
772 3457 909 3522 natura
927 3453 969 3532 in
987 3479 1069 3523 eam
1085 3454 1268 3540 intrusae,

92 3574 215 3643 nuuc,
245 3557 387 3626 collatis
411 3581 452 3625 ex
475 3567 632 3650 utraque
657 3556 765 3624 India
787 3568 823 3625 et
843 3569 1007 3650 utroque
1031 3556 1121 3648 polo
1145 3557 1270 3625 affini-

7 3686 9 3691 ·
92 3660 204 3727 bus
185 3672 220 3728 ct
244 3661 411 3752 agnatis,
448 3658 687 3751 amplissima
700 3671 736 3729 et
753 3660 947 3731 interdum
973 3659 1049 3728 sere
1079 3661 1269 3741 naturalia

93 3781 231 3858 genera
256 3765 498 3834 constituunt.

103 3912 118 3921 -·
198 3867 430 3937 Severiores
441 3867 587 3937 criticos
618 3892 686 3936 nos
709 3840 1004 3962 reprehensuros
1031 3865 1134 3954 sore,
1165 3866 1269 3962 quod

43 4058 45 4063 ,
92 3971 130 4039 in
151 3970 372 4065 generibus,
399 3998 561 4042 nurnero
586 3972 797 4065 specierum
818 3996 972 4043 suarum
995 3969 1073 4067 jam
1091 3973 1267 4048 laboran-

92 4052 219 4163 libus,
246 4099 399 4145 norasa
427 4077 503 4146 clls.
523 4077 868 4172 peregrinatoribus
897 4079 1094 4164 Brown,
1133 4080 1265 4146 Hum-

90 4181 221 4252 boldt
248 4192 283 4249 ct
310 4183 581 4272 Bonpiand
604 4188 671 4252 etc.
697 4183 855 4253 detectas
872 4180 1011 4273 species
1030 4181 1119 4251 calci
1137 4182 1263 4274 potius

91 4285 202 4355 seriei
233 4282 444 4379 specierum
471 4285 801 4384 subjunxerimus,
848 4310 963 4381 quam
991 4310 1064 4355 suo
1082 4287 1263 4381 -quamris

324 4452 332 4485 Ι
