2588 4792
537 266 795 315 '’xlx-
966 288 977 321 a

62 470 67 483 .
164 419 279 509 Aug.
293 415 416 487 Gari.
433 417 578 505 Rota,
595 417 666 487 M.
689 418 936 514 D..p1·imum
954 419 1090 492 Florae
1107 447 1253 519 germa-

58 525 169 595 nicae
188 520 451 615 completioris
478 526 686 612 auctorem,
716 525 782 618 qui
798 551 883 619 pro
901 551 968 596 sua
989 526 1030 594 in
1049 554 1117 597 nos
1140 532 1254 602 bene·

57 628 229 701 volentia
245 627 416 722 plurima
430 652 450 696 c
464 627 642 698 thesauro
661 630 725 698 cls.
742 630 1092 722 Benjam.Heyne
1111 660 1253 732 suaque

59 736 110 805 de
128 734 207 803 illis
229 732 489 826 manuscripta
511 734 694 831 benevole
717 737 827 806 nobis
844 738 1148 808 communicavit.

65 876 69 884 ·
168 840 284 907 Henr.
301 839 488 926 delnoti,
518 837 629 908 Horti
646 840 675 907 1.
696 839 740 908 R.
759 841 954 910 universit.
979 841 1251 915 Vindobonen·

64 944 114 1012 sis
133 944 410 1037 inspectorem,
424 1001 427 1006 .
443 943 728 1037 sagacissimum
754 946 970 1038 plantarum
1003 949 1189 1018 cultorem
1214 960 1251 1018 et

60 1048 352 1144 indagatorem,¹
365 1047 428 1116 cui
438 1048 655 1119 maximoet
671 1049 712 1117 in
728 1050 906 1143 plurimis
925 1051 1087 1121 devincti
1105 1079 1248 1123 sumus.

64 1202 67 1209 ·
164 1156 271 1240 Curi.
284 1153 547 1244 Sprevrged,
569 1153 627 1223 M.
640 1154 700 1223 ·D.
717 1166 753 1224 et
769 1154 871 1259 Pros.
896 1156 1111 1245 Haiensem,
1140 1157 1250 1254 cujus

55 1257 216 1328 monitis
242 1282 467 1352 non-{pauca
483 1257 644 1327 feliciter
665 1259 867 1353 effugimus
891 1258 1021 1346 dubia.

61 1400 67 1405 ·
108 1384 122 1393 ’“
163 1365 210 1435 J..
230 1362 409 1451 There,
439 1362 628 1431 Man-in
643 1363 749 1450 Dan,
780 1377 817 1455 et
833 1365 979 1458 patriae
1000 1390 1108 1452 suae,
1136 1366 1248 1461 Aqui·

54 1466 425 1557 taniae„-Plinium,
452 1467 645 1551 Chloridis
668 1470 880 1539 Laudensis
903 1483 1110 1540 auctorem.

165 1572 234 1655 Ode
248 1573 446 1659 swam,
466 1548 668 1647 Bffinices
682 1573 938 1643 Professorem
951 1575 1249 1646 Stockholmien·

56 1702 154 1765 sem,
178 1668 356 1746 ¹amabilis
368 1674 691 1765 scientiaedecus,
719 1679 827 1776 cujus
844 1680 884 1748 in
900 1680 1162 1771 promovenda
1179 1681 1249 1749 hac

56 1808 157 1852 nova
185 1781 643 1874 Systematis‘Linnaeani
679 1776 847 1853 editione
876 1784 1014 1855 merita
1044 1784 1250 1869 innumera

54 1899 159 1977 sunt,
186 1910 258 1953 nec
275 1886 446 1981 unquam
467 1886 552 1956 satis
569 1885 720 1983 laudari
735 1901 927 1982 poterunt.

54 1988 57 1993 ’
163 1992 294 2063 emt.
336 1994 439 2060 Petr.
459 2030 465 2047 -·
487 1992 773 2082 Thanberg,
829 1992 929 2063 Pros.
966 1992 1248 2085 Upsaliensem‚

59 2094 239 2175 scientiae
267 2097 481 2182 Nestorem,
510 2097 576 2189 qui
596 2099 788 2189 permulta
803 2098 1087 2166 rarissimarum
1109 2096 1249 2188 specie·

58 2225 145 2271 rum
160 2199 375 2295 specimina
394 2224 544 2268 summa
558 2201 784 2272 liberalitate
808 2203 918 2272 nobis
941 2201 1247 2270 communicavit.

57 2326 62 2357 ²
92 2334 95 2339 ·
160 2308 283 2397 Leopt
302 2306 595 2394 Trattiniclr,
625 2306 752 2375 Musei
767 2308 863 2400 lmp.
883 2307 928 2374 R.
939 2305 1105 2373 Vindob.
1126 2317 1249 2373 custo·

24 2468 27 2473 .
56 2413 159 2498 dem,
177 2398 590 2481 Botanicumdustriae
600 2411 846 2498 indefessum,
864 2411 1000 2505 opibus
1014 2421 1051 2481 et
1067 2409 1248 2501 operibus

54 2514 390 2611 splendidissimis,
419 2516 557 2609 quibus
568 2517 795 2585 Botanicam
814 2516 965 2603 ditavit,
994 2515 1247 2613 praeclarum.

57 2638 64 2667 ··
164 2621 304 2710 Georg'
325 2621 662 2712 Wablenberg,
694 2621 752 2688 M.
778 2623 831 2689 D.
854 2622 1000 2713 alpium
1029 2614 1249 2712 lapponica·

55 2749 159 2815 rum,
182 2723 464 2816 rhaeticarum,
480 2726 783 2820 carpathicarum
797 2727 1059 2820 geographum
1074 2723 1248 2818 physico·

58 2828 298 2900 botanicum.
449 2909 452 2913 ,

160 2937 282 3022 Zeoe,
312 2936 421 3004 Horti
438 2935 668 3006 matritensis
690 2935 784 3005 olim
805 2934 1051 3027 praefectum,
1069 2931 1143 3019 ,cui
1162 2957 1244 3024 spe·

61 3036 202 3109 cimina
233 3041 554 3134 quamplurima
585 3041 683 3110 sicca
715 3040 995 3109 rarissimarum
1026 3037 1247 3131 plantarum

56 3145 363 3214 amaricanarum
384 3145 580 3215 debemus.
724 3140 726 3145 ’

158 3248 241 3335 flia,
268 3249 449 3319 benevole
462 3251 593 3338 lector,
616 3249 720 3318 hisce
735 3248 951 3318 clarissimis
969 3259 1004 3316 ct
1021 3247 1070 3315 d'e
1088 3243 1247 3314 scientia

54 3344 313 3422 meritissimis
340 3355 454 3442 viris,
491 3355 683 3449 quidquid
712 3354 901 3424 inveneris
924 3351 1062 3420 eorum
1088 3348 1247 3429 nomine

59 3455 286 3551 inscriptum
309 3457 554 3555 plurimaque
579 3459 653 3528 alia
671 3459 786 3555 bajus
821 3458 999 3527 editionis
1021 3465 1248 3522 ornamenta

56 3559 227 3632 debebis.
264 3562 371 3655 Tuas
393 3566 544 3633 tandcm
561 3589 649 3633 cum
664 3565 800 3632 nostris
816 3564 921 3632 hisce
938 3560 1027 3631 viris
1044 3557 1245 3655 jungimus

56 3666 212 3760 gratias,
233 3655 352 3760 ‘teque
370 3682 570 3760 rogamus,
599 3681 642 3737 ut
659 3670 821 3737 firmiter
839 3668 990 3751 credas,
1023 3689 1091 3731 nos
1118 3663 1159 3729 in
1177 3688 1243 3754 pa·

10 3844 12 3861 Ι
57 3772 774 3867 tandahacSystematisVegetabilium
791 3773 957 3842 editione
972 3794 1042 3837 nec
1060 3768 1247 3862 gloriolae

58 3901 127 3946 uec
150 3902 259 3947 arcae
286 3890 435 3947 nostrae
455 3879 653 3947 consulere
675 3881 861 3963 voluisse,
891 3876 956 3944 sed
974 3874 1086 3965 unice
1101 3872 1142 3941 in
1173 3873 1247 3940 Bo·

59 3983 199 4051 tanices
234 3985 492 4052 commodum*
513 3994 551 4051 et
579 3985 883 4053 emolumentum
908 3981 1079 4050 intentos
1115 3975 1245 4044 fuisse.

64 4083 100 4152 Si
125 4085 241 4182 quid,
269 4089 373 4180 quod
397 4113 545 4157 errores
572 4087 729 4158 forsitan
750 4099 896 4156 nostros
917 4095 1077 4178 spectet,
1106 4079 1247 4148 rectius

60 4191 222 4279 noveris,
251 4192 409 4261 candide
427 4194 537 4262 nobis
557 4191 727 4285 imperti.
781 4191 930 4284 Castiga
948 4213 1029 4275 nos,
1060 4185 1090 4253 si
1108 4186 1245 4277 placet,

62 4292 124 4366 ahi
137 4295 248 4397 quid
268 4290 385 4368 atultc'
396 4297 701 4394 peccaverimus,
725 4296 792 4372 sed
809 4296 1068 4392 notificarpere
1086 4314 1129 4362 ac
1150 4285 1246 4364 vitu-

294 4428 299 4435 .
814 4400 879 4471 b*
