2588 4792
101 454 160 516 ter
181 442 255 513 sub
278 441 431 512 diversis
449 439 671 512 nominibus
693 424 889 512 adductam
911 439 1070 529 rideris,
1084 486 1088 495 ,
1104 441 1186 512 noli
1209 443 1275 513 mi·

102 546 188 618 rari·
206 558 269 616 aut
286 567 354 615 nos
374 549 539 640 carpere,
569 546 791 641 priusquam
827 560 863 617 et
883 546 1047 617 aliorum
1072 572 1189 641 opera
1214 547 1276 617 bo·

41 664 46 671 ’
101 653 224 724 tanio'a
239 663 275 720 et
298 650 417 743 ipsius
443 651 619 722 scientiae
639 650 953 745 amabilispatris
977 653 1113 721 sedulo'
1132 652 1275 749 pervol-

87 754 219 847 w'reris:
250 754 367 824 disces
389 755 505 845 enim,
534 755 564 824 si
583 755 889 844 nesciasaslbuc,
917 756 959 825 in
971 756 1030 825 his
1053 756 1143 826 talia
1160 757 1275 830 latera

100 860 206 947 vitia,
232 858 327 953 quae
346 884 422 927 non
442 859 569 944 solum
592 859 742 932 incuria
758 860 910 948 fuderit,
940 860 1006 929 sed·
1027 885 1122 954 quae
1145 861 1275 930 huma·

100 968 306 1058 naporum
330 975 453 1034 caveat
468 977 612 1036 natura.
668 967 744 1060 Qui
768 966 1013 1058 ceroplantas
1032 964 1077 1033 ab
1097 965 1181 1057 ipso
1199 990 1275 1035 non

104 1068 274 1142 visasbis
298 1061 365 1139 sub
391 1068 544 1140 diversis
568 1070 788 1140 nominibus
813 1093 1035 1139 enumerare
1057 1068 1172 1158 nimis
1190 1069 1276 1137 bor·

101 1164 178 1262 ret,
214 1175 282 1245 suh
310 1176 443 1247 eodem
470 1174 616 1267 saepius
646 1175 803 1242 nomine
827 1175 968 1267 speeies
1001 1172 1091 1243 duas
1113 1184 1178 1242 aut
1203 1185 1276 1242 tres

39 1286 47 1303 ⁵
102 1279 262 1349 diversas
282 1281 426 1372 sepelit.
481 1273 765 1370 Descriptiones
785 1303 897 1372 ergo,
927 1289 1108 1371 ut'quem
1133 1276 1275 1370 perfec·

100 1383 267 1453 tissimae
287 1385 506 1470 reddantur,
535 1406 583 1451 ne
598 1381 689 1450 hinc
705 1394 741 1451 et
755 1382 864 1451 illinc
887 1393 1024 1477 areola
1044 1383 1276 1470 aberremus,

25 1524 28 1528 ·
101 1487 224 1556 omnis
241 1489 365 1556 danda
378 1497 432 1556 est
445 1486 585 1578 ‘opera‘
630 1486 920 1580 Monographiis
940 1485 1103 1579 denique
1125 1487 1175 1555 ad·
1194 1510 1278 1555 unu

99 1590 258 1661 bilicum
278 1590 520 1684 perducenda
545 1600 598 1659 est
613 1590 801 1679 botanica,
829 1616 876 1659 ne
896 1589 1057 1658 dubium
1074 1590 1277 1683 progigna-

98 1707 162 1765 tur
188 1682 232 1793 eri
256 1695 372 1765 dubio
399 1706 435 1763 et
455 1695 606 1787 abyssus
634 1694 806 1787 abyssum
832 1694 980 1763 invocet
999 1693 1041 1760 in
1064 1718 1152 1762 voce
1184 1707 1277 1763 cata·

84 1786 295 1875 ⁸rectarum
312 1800 532 1868 multarum.
587 1798 642 1866 Eo
664 1801 767 1869 enim
782 1822 841 1866 res
863 1822 964 1866 nunc
988 1798 1160 1890 pervenit
1174 1799 1278 1868 bota

59 1974 66 1980 ,
98 1903 196 1990 nica,
224 1914 279 1989 ut,
308 1876 941 1997 quivigintiabhincannisspatio
967 1902 1013 1970 ὅ
999 1903 1292 1997 [ΛιιεῐτοτυηιΙ

97 2018 215 2076 totam
247 2004 326 2076 sere
361 2007 554 2077 scientiam
580 2008 772 2099 amplexus
808 2004 946 2093 suerit,
983 2031 1085 2074 nunc
1116 2007 1275 2075 totidem

87 2111 277 2180 'lustris
243 2138 303 2180 vax
327 2112 440 2180 unius
464 2102 669 2198 familiae,
677 2139 711 2183 v.
737 2138 769 2182 e.
798 2126 1107 2211 cyperaoearum,
1136 2112 1275 2204 grami-

98 2206 215 2301 nrlm,
244 2240 291 2307 pr
294 2228 549 2303 oteacearum,
584 2216 972 2300 amaranthacearum,
1008 2213 1275 2284 semissosculo-

98 2327 238 2403 aarum,
268 2318 564 2389 flosculosarum
571 2324 638 2386 etc
666 2319 862 2388 historiam
883 2317 1072 2388 absolvere
1090 2320 1222 2411 possit.

203 2422 329 2513 Spatia
346 2423 545 2542 parcituri·
550 2434 718 2491 veterum
743 2446 966 2517 synonyma,
996 2422 1187 2492 extricatu
1199 2447 1277 2493 sae·

96 2527 183 2620 pius
203 2525 442 2648 difficillima,
471 2527 593 2597 rarius
612 2527 765 2623 quidem
790 2552 908 2621 quam
920 2527 971 2596 fas
989 2526 1130 2614 suisset,
1159 2527 1275 2618 addu-

96 2631 240 2720 ximus3
269 2631 396 2702 icones
418 2644 556 2720 autem,
579 2632 719 2727 siquae
738 2632 847 2701 nobis
865 2643 975 2701 notae
993 2577 1155 2717 suere-rit,
1183 2632 1274 2699 fide·

96 2734 464 2826 l1ter1ndrcavrmus,
477 2737 703 2829 recentiores
722 2716 974 2830 melioresque
993 2735 1139 2828 saepius
1158 2761 1273 2830 quam

97 2850 266 2908 veterum
284 2839 449 2933 ligneas,
480 2867 640 2936 quarum
665 2840 908 2935 paucissimas
925 2840 1057 2934 figuris
1080 2837 1193 2908 bonis
1209 2865 1273 2909 an·

94 2944 349 3014 numerandas
373 2971 450 3015 esse
472 2971 677 3025 censemus.
767 2954 769 2958 ’

164 3120 170 3139 ³
202 3046 442 3138 Pla-ntorum,
473 3076 562 3144 quas
582 3050 654 3144 ipsi
675 3058 752 3119 non
778 3047 1162 3141 vidimusdiagnoses
1194 3047 1273 3118 sive

61 3232 66 3249 Ι
99 3151 336 3225 definitiones
358 3180 436 3222 non
462 3166 603 3224 temere
622 3153 867 3240 mutavimus,
897 3153 962 3220 sed
986 3152 1183 3245 ipsissimis
1207 3179 1272 3222 au·

99 3256 210 3327 cteris
225 3257 348 3326 verbis
363 3258 575 3351 recepimus
591 3252 678 3330 licet
691 3248 836 3350 saepius
854 3256 1113 3331 minusfaust'e
1131 3247 1270 3337 electis.

101 3362 187 3429 Non
207 3360 310 3430 enim
332 3364 587 3456 praeceptoris
608 3374 671 3432 aut
694 3360 929 3457 grammatici
943 3360 1080 3449 officio
1104 3361 1210 3455 fungi
1235 3373 1272 3430 et

58 3470 65 3485 '
100 3465 339 3535 soloecismos
364 3479 400 3536 ct
430 3467 684 3536 barbarismos
709 3465 886 3559 (quibus,
915 3465 1159 3559 prohdolor!
1189 3477 1269 3534 tam

101 3569 242 3663 graecis
262 3582 374 3664 quam
394 3570 520 3638 latinis
545 3570 635 3639 libri
660 3568 924 3639 botanicorum
950 3569 1181 3649 redundant)
1211 3595 1272 3639 ex·

99 3696 270 3767 pungere
299 3675 502 3743 voluimus.
556 3675 715 3743 Interest
746 3675 849 3742 enim
883 3673 1162 3761 critioinosse,
1191 3698 1269 3743 non

99 3784 245 3847 ta'ntum
260 3784 354 3870 quae
373 3791 500 3849 auctor
524 3775 671 3866 dixerit,
698 3778 764 3870 secl
788 3779 901 3849 etiam
921 3777 1112 3870 quomodo
1139 3778 1271 3847 eadem

100 3879 248 3978 digerit,
277 3905 395 3974 quum
411 3884 636 3977 plerumque
654 3873 852 3978 anticjuum
873 3880 971 3951 illud
991 3892 1028 3950 et
1044 3881 1159 3950 bodie
1178 3908 1282 3975 quo-⁴

101 4010 173 4080 que
193 3985 329 4054 valeatz
365 3987 454 4073 „eui
471 3989 566 4057 lecta
590 3999 763 4080 potenter
790 3987 861 4057 erit
887 4010 967 4081 res,
1000 4010 1071 4055 nec
1093 3984 1270 4058 facundia

101 4092 246 4177 deseret
265 4090 369 4159 bunc
388 4115 457 4161 nec
474 4092 621 4161 lucidus
643 4093 777 4161 ordo.“

204 4194 472 4265 Recentiorum
491 4195 797 4291 terminolog‘iam
816 4192 1057 4263 notissimam
1076 4205 1167 4264 tune
1188 4206 1268 4267 tan-

99 4310 185 4375 tum
204 4298 445 4399 recepimus,
488 4299 557 4374 ubi
584 4326 670 4395 cum
696 4324 785 4388 vero
822 4299 997 4371 scientiae
1031 4300 1267 4370 incremento

814 4524 818 4531 “
832 4534 842 4561 c
