2588 4792
571 279 810 325 ...xx-

94 453 249 528 perare,
287 440 491 525 antequam
523 452 671 499 errores
697 441 851 499 nostros
880 436 981 500 recte
1011 430 1278 507 emendaverit.

79 528 158 615 ,s'ic
210 535 314 607 enim
360 534 501 605 nostris
540 557 693 630 quoque
739 532 935 627 err'oribua
968 534 1051 604 aliis
1094 536 1280 631 profuisse

95 642 238 712 licebit.
335 706 337 710 Α
401 720 407 735 ,
794 646 806 673 “
1196 649 1204 658 ”

202 748 299 816 Cum
326 745 479 840 longius
506 769 527 814 a
554 744 665 833 loco,
699 768 776 839 quo
803 768 898 836 opus
925 743 1119 838 boc'typia
1143 747 1279 836 editur,

94 851 232 921 remoti
251 851 389 937 simus,
419 874 581 943 cumque
603 860 639 919 et
660 860 852 920 cor-rector
866 860 902 918 et
916 851 1130 942 typothetae
1160 852 1204 920 in
1227 878 1279 920 re·

94 955 165 1025 bus
194 956 235 1024 in
260 954 330 1022 illo
355 954 589 1048 pertractatis
606 954 715 1022 baud
733 955 786 1024 itu
806 953 943 1022 versati
967 955 1062 1042 sint,
1091 955 1178 1024 fieri
1204 982 1279 1025 nou

94 1060 232 1155 potuit,
261 1059 354 1151 quin
367 1058 558 1153 permulta
575 1058 616 1125 in
633 1060 760 1151 primo
777 1058 1062 1129 hoe.rolumine
1080 1072 1280 1135 occurrant

93 1165 315 1257 ephalmata.
384 1163 602 1234 Secundum
631 1174 757 1232 autem
795 1176 832 1234 et
856 1163 1059 1257 aequentia
1088 1164 1279 1261 majorem

95 1269 328 1362 acquisitam·
342 1268 521 1361 peritiam
539 1291 697 1356 eorum,
728 1268 817 1362 qui·¹
831 1274 934 1362 opus·
959 1267 1057 1362 typis
1087 1268 1280 1343 edendum

96 1386 249 1461 curant,
284 1373 493 1465 probatura
518 1370 620 1459 sore,
654 1372 782 1442 lecton
797 1371 1004 1442 benevolus
1018 1372 1103 1467 ,sibi
1126 1398 1277 1468 persua·

22 1502 25 1508 ’
95 1477 180 1547 deat
203 1501 393 1570 rogamus.
425 1476 589 1575 Eaedem
608 1476 1279 1669 quoqueffiicultates'typographi·

96 1607 159 1651 cae
181 1581 456 1676 impedimento
474 1579 641 1668 fuerunt,
669 1606 745 1676 quo
850 1588 894 1651 ua'
912 1582 985 1652 boc
1000 1582 1181 1655 volumen
1201 1583 1278 1681 jam

96 1686 223 1779 elapso
241 1711 340 1754 anno
359 1685 503 1754 editum
518 1680 644 1754 suerit.
701 1683 903 1779 Sequentia
916 1699 1042 1756 tamen
1053 1710 1105 1757 eo
1117 1688 1277 1761 celerius

97 1790 274 1884 deinceps
298 1789 406 1883 prelo
432 1789 656 1882 prodibunt.
699 1789 843 1860 Eadem
865 1816 973 1860 mora
992 1817 1102 1861 causa
1119 1791 1215 1871 suit,
1230 1801 1279 1861 ‘ut

98 1895 281 1989 quaedam
306 1892 526 1988 gravissima
546 1919 661 1986 opera
683 1893 905 1988 nuperrime
920 1896 1019 1966 edita
1044 1895 1122 1992 jam
1142 1895 1278 1990 inpri-

100 2024 164 2068 ma
179 2010 285 2093 parte
303 1997 483 2067 adbibere
499 1999 752 2092 potuerimus,
776 2006 893 2093 utque
908 2000 1054 2071 interea
1065 2004 1213 2071 Brow
1220 1999 1282 2070 nii

92 2108 343 2196 prodromum
359 2114 396 2173 et
408 2105 666 2175 Asiaticorum
681 2105 903 2199 Besearches
918 2105 1110 2174 Volumen
1127 2105 1279 2177 undeci-

98 2235 205 2278 mum
224 2209 322 2279 nacti
345 2207 476 2296 simus,
499 2234 592 2285 ,cum
610 2221 737 2279 temen
761 2209 839 2304 jam
864 2209 1024 2279 dimidia
1035 2209 1162 2308 bujua
1176 2204 1283 2285 volu*

97 2313 212 2382 minis
228 2338 314 2406 pars
341 2311 438 2405 typis
456 2313 555 2380 edita
569 2312 712 2381 fuisset.
756 2312 980 2383 Po'sterioria
1006 2306 1293 2411 autemoperia'

99 2442 193 2511 ope,
213 2416 260 2484 in
276 2415 484 2510 appendice
505 2442 581 2485 non
600 2417 725 2485 solum
758 2417 1085 2491 enumerationem
1112 2417 1281 2495 &eirami-

98 2546 280 2609 nearum,
318 2504 526 2588 secundrlm
548 2523 856 2614 Roxburgnii
876 2523 1070 2617 egregiam
1092 2524 1280 2597 Dimerta-

98 2626 242 2695 tionem
261 2621 526 2719 perfectiorem
552 2626 734 2713 reddere,
773 2626 838 2695 sed
859 2627 973 2696 etiam
993 2628 1054 2703 ad,
1068 2628 1281 2698 maximum

22 2797 25 2802 .
99 2755 256 2816 eorum,
291 2728 357 2822 qui
381 2742 509 2798 nostro
536 2741 690 2799 utantur
715 2731 940 2825 systemate,
975 2732 1281 2803 emolumentum

100 2835 225 2903 denuo
245 2831 323 2902 sere
343 2832 536 2903 elaborare
557 2835 766 2927 potuimus.
1228 2898 1232 2905 .

201 2938 333 3007 'Primo
362 2938 563 3007 consilium
596 2939 706 3009 nobis
731 2951 811 3011 erat
838 2942 960 3012 multo
985 2940 1280 3037 majoris-melia

90 3043 236 3114 edendi
251 3041 466 3160 mlumina,
497 3069 543 3136 qo
567 3054 604 3112 et
623 3044 781 3137 pluium
808 3046 1062 3140 plagularum.
1109 3045 1183 3115 Sed
1208 3046 1281 3115 hoc

97 3146 385 3217 incommodum
402 3172 493 3236 esse,
510 3172 696 3242 usumque
709 3149 834 3240 operis
850 3148 1105 3218 difficiliorem
1119 3150 1282 3219 reddere

98 3250 467 3322 moxintelleximua.
497 3252 688 3321 Numerus
706 3253 862 3347 quidem
885 3253 1127 3325 voluminum
1144 3253 1282 3325 exinde

100 3357 320 3451 augebitur,
348 3356 413 3424 sed
431 3381 561 3424 revera
581 3357 715 3427 eadem
737 3369 861 3427 erunt.

152 3496 216 3567 ὅτ.
243 3495 448 3568 Decembr.
483 3496 592 3564 1816.
640 3485 650 3497 ‘

371 3638 410 3705 J.
438 3635 477 3706 a
506 3637 698 3724 mamm.
803 3636 841 3707 J.
870 3622 926 3709 A)
951 3605 1173 3710 sennem.
