2588 4792
900 262 933 297 ..x

478 304 484 319 ’·
564 302 610 331 ⁹·
661 297 700 347 Vl
738 318 796 338 ·····

1 535 3 540 ,
98 449 445 541 soont'ifd'ynopsi
455 451 684 541 Conspectus
703 446 915 539 specierum
942 448 1114 516 omnium
1131 446 1275 541 planta·¹

97 579 207 642 rum,
238 578 332 648 quae
353 577 422 647 per
444 553 581 622 lustra
590 554 665 620 duo
686 562 743 619 tot
763 562 1031 644 tantorumque
1050 550 1271 621 clarissimo·

97 681 186 729 rum
200 658 532 751 peregrinatorum
567 656 709 774 pudaci
717 655 922 740 industrii,
945 660 1046 724 tanta
1073 656 1270 726 doctorum

95 761 140 830 in
169 762 391 855 indagandis
427 759 565 855 plantis
598 759 729 854 patriis
759 756 954 829 sedulitate
979 757 1185 847 indefessi,
1213 772 1272 830 tot

98 866 262 959 denique
292 864 495 934 hominum
526 864 647 937 omnis
678 864 826 958 generis
856 863 1037 932 Naturam
1065 864 1271 935 colentium

98 977 214 1063 operta
234 974 312 1037 non
332 969 417 1038 satis
438 969 626 1039 laudandi
648 967 990 1055 suerintrdetectae,
1019 968 1272 1062 investigatae,

98 1074 297 1167 expositae.
326 1114 370 1127 -
397 1072 542 1142 *Talem
566 1099 633 1141 nos
647 1072 864 1166 plantarum
880 1084 1120 1164 conspectum
1134 1072 1199 1141 hic
1216 1097 1272 1143 ex·

96 1177 230 1248 hibere
257 1178 336 1246 ausi
356 1202 485 1249 sumus
511 1176 650 1274 junctis
666 1175 970 1266 viribus3-unius
985 1177 1087 1245 enim
1104 1176 1272 1269 hominis

96 1283 193 1353 vires
218 1283 286 1364 sub
311 1307 368 1375 eo,
398 1282 444 1349 ad
462 1305 574 1376 quem
594 1306 695 1350 nunc
711 1307 769 1350 res
794 1281 989 1350 botanicae
1006 1292 1272 1373 pervenerunt,

20 1456 26 1461 .
78 1426 81 1433 ·
97 1399 206 1473 statu,
236 1411 330 1479 opus
352 1397 474 1454 tantae
489 1386 601 1454 molis
620 1386 733 1478 longe
750 1409 973 1479 exsuperare
986 1385 1146 1453 videtur.
1204 1378 1274 1455 Illo

97 1491 224 1582 enim,
255 1512 328 1584 quo
356 1488 465 1558 divus
490 1490 529 1560 C.
551 1506 577 1559 α
598 1492 756 1563 Ls'nne‘
778 1491 916 1580 Species
940 1513 1023 1558 suas
1046 1490 1275 1577 Plantam

98 1607 135 1664 et
176 1612 288 1663 sumn
326 1595 501 1685 Syrtema
551 1596 817 1686 Vegetabs'lzizm
845 1595 1013 1663 ediderat
1021 1616 1044 1680 ‚t
1085 1597 1274 1686 ternpore,

98 1711 230 1793 quarta
256 1696 315 1766 vix
342 1698 577 1790 plantarum,
629 1724 723 1794 quae
746 1724 849 1767 nunc
867 1697 1054 1785 innotuit,
1081 1722 1168 1791 pars
1192 1709 1274 1766 tum

38 1862 40 1865 ,
98 1800 332 1895 ipsiEquiti,
361 1812 442 1874 tum
461 1801 794 1873 Botanicisaetatis
815 1801 915 1898 ejus
918 1814 1007 1871 nota
1030 1813 1119 1870 erat.
1177 1800 1280 1870 lluie·

23 1977 37 1988 ,
97 1916 225 1977 tamen
250 1905 460 1998 paupertati
477 1907 668 1999 peculiare
687 1908 798 1976 decus
820 1907 965 1993 aderat,
995 1928 1069 1999 quo
1085 1931 1189 1974 nunc
1216 1906 1275 1974 vel

99 2009 408 2105 epulentissimus
424 2012 695 2080 Botanicorum
714 2022 834 2089 careat
858 2035 1007 2080 necesse
1033 2021 1099 2080 est
1152 2009 1273 2078 Divus

100 2112 205 2184 enim
230 2115 271 2185 C.
297 2139 323 2183 a
345 2114 503 2186 Limze'
528 2116 672 2207 nullam
701 2114 804 2203 fere,
841 2139 954 2208 quam
976 2139 1053 2181 non
1081 2115 1162 2207 ipse
1188 2126 1272 2182 ante

101 2219 230 2286 oculos
254 2218 447 2305 hahuerit,
481 2219 648 2311 plantam
674 2218 869 2311 descripsit
893 2219 1056 2290 aliorum
1090 2217 1232 2309 species
1255 2242 1281 2291 a,

102 2346 140 2391 se
159 2346 238 2389 non
253 2320 436 2412 inspectas
453 2332 516 2389 aut
531 2323 725 2414 negligens
741 2333 806 2390 aut
826 2345 1017 2441 spernens.
1074 2322 1152 2390 Nec
1168 2345 1273 2415 syno-

100 2424 230 2519 nymia
249 2449 316 2492 suo
335 2448 422 2494 aevo
435 2423 629 2494 difficilis
639 2437 728 2497 erat.

207 2529 319 2623 Quod
341 2539 466 2613 autem
491 2529 591 2597 Patri
615 2529 789 2600 scientiae
812 2528 938 2617 licuit,
966 2528 1227 2622 nepotibus
1193 2555 1275 2626 ejus

100 2654 179 2702 non
203 2631 361 2726 perinde
386 2633 485 2705 licet·
541 2632 637 2702 Nam
659 2634 740 2721 his',
787 2634 860 2703 sire
889 2635 1094 2710 specterum
1118 2635 1276 2702 Plarzta-

101 2761 209 2824 nem,
252 2734 326 2819 sive
354 2739 575 2827 Syrtematis
604 2739 871 2829 Vegetabilium
898 2762 1033 2833 novam
1053 2732 1276 2809 ,editionem

100 2852 238 2935 parent
268 2840 477 2926 necessario
507 2841 552 2910 de
572 2842 710 2935 plantis
738 2834 925 2938 agendum
957 2852 1031 2929 est‘,
1074 2867 1164 2938 quas
1197 2862 1276 2911 nou

41 2952 43 2956 ”
99 2945 255 3038 ipsimet
277 2944 395 3025 oculis
415 2944 490 3015 suis
505 2946 697 3017 viderunt:
726 2947 1277 3042 synonymiaaliorumcompo·

101 3048 227 3118 nenda
251 3074 328 3116 non
350 3060 496 3118 tanturn
515 3076 584 3144 per
603 3051 762 3145 species,
791 3053 854 3121 sed
871 3051 983 3121 etiam
999 3074 1070 3143 per,
1087 3074 1225 3144 genera
1241 3059 1278 3118 et

75 3202 91 3231 ,-
103 3152 254 3222 ordines
273 3153 428 3246 scipsas
445 3156 537 3223 adeo
555 3156 685 3224 classes
703 3155 848 3243 diffusa,
865 3167 913 3241 et,
931 3154 1145 3247 saepissime
1163 3166 1274 3241 certe,

93 3280 147 3336 'ex
169 3280 300 3328 errore
325 3258 536 3352 progenita.
589 3259 644 3329 Ex
665 3259 756 3352 ipsis
772 3259 890 3354 igitur
908 3258 986 3335 aevi
1004 3258 1122 3344 nostri
1137 3258 1275 3326 diritiis

68 3368 74 3376 '
102 3361 287 3432 hotaniois
318 3361 492 3431 miseriae
514 3382 638 3432 norae
662 3376 764 3451 ortae
792 3374 895 3431 sunt.
960 3363 1057 3434 Cum
1083 3363 1185 3431 enirn
1215 3361 1275 3430 vix

65 3454 71 3461 ⁸
103 3464 317 3536 inveniatur
338 3466 438 3534 inter
457 3477 538 3553 nos,
568 3466 631 3559 qui
647 3467 862 3560 plantarum
878 3479 1006 3537 nostro
1023 3480 1194 3558 tempore
1215 3466 1276 3533 de·

55 3568 329 3660 scriptarum
355 3570 639 3640 collectarumre
671 3583 707 3639 et
739 3571 781 3639 in
804 3572 1015 3641 multorum
1044 3571 1275 3638 camelorum

82 3682 85 3687 '
107 3696 201 3741 onus
218 3686 515 3744 coacervatarum
529 3672 570 3741 in
584 3671 728 3742 Museis
744 3674 1066 3761 Londinensihus,
1082 3673 1276 3763 Parisinis,

105 3776 404 3867 stan-irensibus,
430 3777 720 3865 Viennensibus,
748 3777 1070 3867 Berolinensihus,
1099 3779 1277 3870 Petropo·

81 3880 249 3970 litenis,
277 3880 572 3975 Nlosquensihus
596 3882 654 3951 rel
674 3881 871 3954 dimidiam
893 3894 1040 3961 tantum
1063 3894 1209 3976 partem
1224 3882 1277 3954 vi·

106 3984 204 4053 derit
217 4010 229 4075 3
266 4010 352 4057 cum
375 3984 435 4054 vix
457 4012 497 4054 ac
525 4006 572 4057 ne
592 3986 650 4055 vix
681 3987 835 4082 quiden
862 3999 958 4057 aetas
980 3987 1148 4057 hominis
1175 3986 1275 4055 suffi-

8 4164 11 4170 ,
106 4089 240 4159 ciatad
251 4089 543 4183 perlustrandas,
572 4093 855 4184 comparandas,
883 4090 1143 4162 describendas
1169 4092 1274 4184 plau,

114 4206 169 4263 tas
189 4217 335 4280 ornnes,
361 4192 530 4263 hucdum
548 4194 622 4267 sire
645 4194 809 4291 cognitas
831 4194 966 4265 sivein
988 4196 1180 4265 Her-bariis
1202 4195 1275 4264 col-

105 4297 245 4389 lectas,
286 4297 433 4370 etiamsi
458 4297 635 4379 herbaria
669 4301 740 4373 ista
766 4300 895 4371 oninia
920 4312 974 4381 tot
1006 4299 1275 4402 milliariorum
